@Book{Luke:1969:SFTb,
  author =       "Yudell L. Luke",
  title =        "The Special Functions and Their Approximations",
  volume =       "II",
  publisher =    pub-ACADEMIC,
  address =      pub-ACADEMIC:adr,
  pages =        "xx + 485",
  year =         "1969",
  ISBN =         "0-12-459902-8",
  ISBN-13 =      "978-0-12-459902-4",
  LCCN =         "QA351 .L797",
  bibdate =      "Wed Dec 15 17:55:38 1993",
  bibsource =    "http://www.math.utah.edu/pub/tex/bib/elefunt.bib",
  series =       "Mathematics in Science and Engineering, Volume 53-II,
                 Editor: Richard Bellman",
  acknowledgement = ack-nhfb,
}


@article{Khrapak:2003kjw,
      author         = "Khrapak, S. A. and Ivlev, A. V. and Morfill, G. E. and
                        Zhdanov, S. K.",
      title          = "{Scattering in the Attractive Yukawa Potential in the
                        Limit of Strong Interaction}",
      journal        = "Phys. Rev. Lett.",
      volume         = "90",
      year           = "2003",
      number         = "22",
      pages          = "225002",
      doi            = "10.1103/PhysRevLett.90.225002",
      SLACcitation   = "%%CITATION = PRLTA,90,225002;%%"
}

@article{PhysRevE.70.056405,
  title = {Momentum transfer in complex plasmas},
  author = {Khrapak, Sergey A. and Ivlev, Alexey V. and Morfill, Gregor E.},
  journal = {Phys. Rev. E},
  volume = {70},
  issue = {5},
  pages = {056405},
  numpages = {9},
  year = {2004},
  month = {Nov},
  publisher = {American Physical Society},
  doi = {10.1103/PhysRevE.70.056405},
  url = {https://link.aps.org/doi/10.1103/PhysRevE.70.056405}
}


@article{Hufnagel:2017dgo,
      author         = "Hufnagel, Marco and Schmidt-Hoberg, Kai and Wild,
                        Sebastian",
      title          = "{BBN constraints on MeV-scale dark sectors. Part I.
                        Sterile decays}",
      journal        = "JCAP",
      volume         = "1802",
      year           = "2018",
      pages          = "044",
      doi            = "10.1088/1475-7516/2018/02/044",
      eprint         = "1712.03972",
      archivePrefix  = "arXiv",
      primaryClass   = "hep-ph",
      reportNumber   = "DESY-17-211",
      SLACcitation   = "%%CITATION = ARXIV:1712.03972;%%"
}

@article{Cyburt:2015mya,
      author         = "Cyburt, Richard H. and Fields, Brian D. and Olive, Keith
                        A. and Yeh, Tsung-Han",
      title          = "{Big Bang Nucleosynthesis: 2015}",
      journal        = "Rev. Mod. Phys.",
      volume         = "88",
      year           = "2016",
      pages          = "015004",
      doi            = "10.1103/RevModPhys.88.015004",
      eprint         = "1505.01076",
      archivePrefix  = "arXiv",
      primaryClass   = "astro-ph.CO",
      reportNumber   = "UMN-TH-3432-15, FTPI-MINN-15-19",
      SLACcitation   = "%%CITATION = ARXIV:1505.01076;%%"
}

@article{Dasgupta:2013zpn,
      author         = "Dasgupta, Basudeb and Kopp, Joachim",
      title          = "{Cosmologically Safe eV-Scale Sterile Neutrinos and
                        Improved Dark Matter Structure}",
      journal        = "Phys. Rev. Lett.",
      volume         = "112",
      year           = "2014",
      number         = "3",
      pages          = "031803",
      doi            = "10.1103/PhysRevLett.112.031803",
      eprint         = "1310.6337",
      archivePrefix  = "arXiv",
      primaryClass   = "hep-ph",
      SLACcitation   = "%%CITATION = ARXIV:1310.6337;%%"
}

@article{Bringmann:2013vra,
      author         = "Bringmann, Torsten and Hasenkamp, Jasper and Kersten,
                        J√∂rn",
      title          = "{Tight bonds between sterile neutrinos and dark matter}",
      journal        = "JCAP",
      volume         = "1407",
      year           = "2014",
      pages          = "042",
      doi            = "10.1088/1475-7516/2014/07/042",
      eprint         = "1312.4947",
      archivePrefix  = "arXiv",
      primaryClass   = "hep-ph",
      SLACcitation   = "%%CITATION = ARXIV:1312.4947;%%"
}

@article{Feng:2010zp,
      author         = "Feng, Jonathan L. and Kaplinghat, Manoj and Yu, Hai-Bo",
      title          = "{Sommerfeld Enhancements for Thermal Relic Dark Matter}",
      journal        = "Phys. Rev.",
      volume         = "D82",
      year           = "2010",
      pages          = "083525",
      doi            = "10.1103/PhysRevD.82.083525",
      eprint         = "1005.4678",
      archivePrefix  = "arXiv",
      primaryClass   = "hep-ph",
      reportNumber   = "UCI-TR-2010-06",
      SLACcitation   = "%%CITATION = ARXIV:1005.4678;%%"
}

@article{Zavala:2009mi,
      author         = "Zavala, Jesus and Vogelsberger, Mark and White, Simon D.
                        M.",
      title          = "{Relic density and CMB constraints on dark matter
                        annihilation with Sommerfeld enhancement}",
      journal        = "Phys. Rev.",
      volume         = "D81",
      year           = "2010",
      pages          = "083502",
      doi            = "10.1103/PhysRevD.81.083502",
      eprint         = "0910.5221",
      archivePrefix  = "arXiv",
      primaryClass   = "astro-ph.CO",
      SLACcitation   = "%%CITATION = ARXIV:0910.5221;%%"
}

@article{Dent:2009bv,
      author         = "Dent, James B. and Dutta, Sourish and Scherrer, Robert
                        J.",
      title          = "{Thermal Relic Abundances of Particles with
                        Velocity-Dependent Interactions}",
      journal        = "Phys. Lett.",
      volume         = "B687",
      year           = "2010",
      pages          = "275-279",
      doi            = "10.1016/j.physletb.2010.03.018",
      eprint         = "0909.4128",
      archivePrefix  = "arXiv",
      primaryClass   = "astro-ph.CO",
      SLACcitation   = "%%CITATION = ARXIV:0909.4128;%%"
}

@article{Binder:2017lkj,
      author         = "Binder, Tobias and Gustafsson, Michael and Kamada, Ayuki
                        and Sandner, Stefan Marinus Rodrigues and Wiesner, Max",
      title          = "{Reannihilation of self-interacting dark matter}",
      year           = "2017",
      eprint         = "1712.01246",
      archivePrefix  = "arXiv",
      primaryClass   = "astro-ph.CO",
      SLACcitation   = "%%CITATION = ARXIV:1712.01246;%%"
}

@article{Bringmann:2018jpr,
      author         = "Bringmann, Torsten and Kahlhoefer, Felix and
                        Schmidt-Hoberg, Kai and Walia, Parampreet",
      title          = "{Converting non-relativistic dark matter to radiation}",
      year           = "2018",
      eprint         = "1803.03644",
      archivePrefix  = "arXiv",
      primaryClass   = "astro-ph.CO",
      reportNumber   = "DESY-18-032, TTK-18-10, DESY-18-032, TTK-18-10",
      SLACcitation   = "%%CITATION = ARXIV:1803.03644;%%"
}

@article{vandenAarssen:2012ag,
      author         = "van den Aarssen, Laura G. and Bringmann, Torsten and
                        Goedecke, Yasar C",
      title          = "{Thermal decoupling and the smallest subhalo mass in dark
                        matter models with Sommerfeld-enhanced annihilation
                        rates}",
      journal        = "Phys. Rev.",
      volume         = "D85",
      year           = "2012",
      pages          = "123512",
      doi            = "10.1103/PhysRevD.85.123512",
      eprint         = "1202.5456",
      archivePrefix  = "arXiv",
      primaryClass   = "hep-ph",
      SLACcitation   = "%%CITATION = ARXIV:1202.5456;%%"
}

@article{Huo:2017vef,
      author         = "Huo, Ran and Kaplinghat, Manoj and Pan, Zhen and Yu,
                        Hai-Bo",
      title          = "{Signatures of Self-Interacting Dark Matter in the Matter
                        Power Spectrum and the CMB}",
      year           = "2017",
      eprint         = "1709.09717",
      archivePrefix  = "arXiv",
      primaryClass   = "hep-ph",
      SLACcitation   = "%%CITATION = ARXIV:1709.09717;%%"
}

@article{Cassel:2009wt,
      author         = "Cassel, S.",
      title          = "{Sommerfeld factor for arbitrary partial wave processes}",
      journal        = "J. Phys.",
      volume         = "G37",
      year           = "2010",
      pages          = "105009",
      doi            = "10.1088/0954-3899/37/10/105009",
      eprint         = "0903.5307",
      archivePrefix  = "arXiv",
      primaryClass   = "hep-ph",
      reportNumber   = "OUTP-0910P",
      SLACcitation   = "%%CITATION = ARXIV:0903.5307;%%"
}

@article{Sommerfeld,
      author         = "A. Sommerfeld",
      title          = "{\"{U}ber die Beugung und Bremsung der Elektronen}",
      journal        = "Annalen der Physik",
      volume         = "403",
      year           = "1931",
      pages          = "207"
}

@article{ArkaniHamed:2008qn,
      author         = "Arkani-Hamed, Nima and Finkbeiner, Douglas P. and
                        Slatyer, Tracy R. and Weiner, Neal",
      title          = "{A Theory of Dark Matter}",
      journal        = "Phys. Rev.",
      volume         = "D79",
      year           = "2009",
      pages          = "015014",
      doi            = "10.1103/PhysRevD.79.015014",
      eprint         = "0810.0713",
      archivePrefix  = "arXiv",
      primaryClass   = "hep-ph",
      SLACcitation   = "%%CITATION = ARXIV:0810.0713;%%"
}

@article{Kaplinghat:2013yxa,
      author         = "Kaplinghat, Manoj and Tulin, Sean and Yu, Hai-Bo",
      title          = "{Direct Detection Portals for Self-interacting Dark
                        Matter}",
      journal        = "Phys. Rev.",
      volume         = "D89",
      year           = "2014",
      number         = "3",
      pages          = "035009",
      doi            = "10.1103/PhysRevD.89.035009",
      eprint         = "1310.7945",
      archivePrefix  = "arXiv",
      primaryClass   = "hep-ph",
      reportNumber   = "MCTP-13-33, CETUP2013-018",
      SLACcitation   = "%%CITATION = ARXIV:1310.7945;%%"
}

@article{Bringmann:2016din,
      author         = "Bringmann, Torsten and Kahlhoefer, Felix and
                        Schmidt-Hoberg, Kai and Walia, Parampreet",
      title          = "{Strong constraints on self-interacting dark matter with
                        light mediators}",
      journal        = "Phys. Rev. Lett.",
      volume         = "118",
      year           = "2017",
      number         = "14",
      pages          = "141802",
      doi            = "10.1103/PhysRevLett.118.141802",
      eprint         = "1612.00845",
      archivePrefix  = "arXiv",
      primaryClass   = "hep-ph",
      reportNumber   = "DESY-16-226",
      SLACcitation   = "%%CITATION = ARXIV:1612.00845;%%"
}

@article{Kahlhoefer:2017umn,
      author         = "Kahlhoefer, Felix and Schmidt-Hoberg, Kai and Wild,
                        Sebastian",
      title          = "{Dark matter self-interactions from a general spin-0
                        mediator}",
      journal        = "JCAP",
      volume         = "1708",
      year           = "2017",
      number         = "08",
      pages          = "003",
      doi            = "10.1088/1475-7516/2017/08/003",
      eprint         = "1704.02149",
      archivePrefix  = "arXiv",
      primaryClass   = "hep-ph",
      reportNumber   = "DESY-17-052",
      SLACcitation   = "%%CITATION = ARXIV:1704.02149;%%"
}

@article{Tulin:2017ara,
      author         = "Tulin, Sean and Yu, Hai-Bo",
      title          = "{Dark Matter Self-interactions and Small Scale
                        Structure}",
      journal        = "Phys. Rept.",
      volume         = "730",
      year           = "2018",
      pages          = "1-57",
      doi            = "10.1016/j.physrep.2017.11.004",
      eprint         = "1705.02358",
      archivePrefix  = "arXiv",
      primaryClass   = "hep-ph",
      SLACcitation   = "%%CITATION = ARXIV:1705.02358;%%"
}

@article{Cyr-Racine:2015ihg,
      author         = "Cyr-Racine, Francis-Yan and Sigurdson, Kris and Zavala,
                        Jesus and Bringmann, Torsten and Vogelsberger, Mark and
                        Pfrommer, Christoph",
      title          = "{ETHOS‚Äîan effective theory of structure formation: From
                        dark particle physics to the matter distribution of the
                        Universe}",
      journal        = "Phys. Rev.",
      volume         = "D93",
      year           = "2016",
      number         = "12",
      pages          = "123527",
      doi            = "10.1103/PhysRevD.93.123527",
      eprint         = "1512.05344",
      archivePrefix  = "arXiv",
      primaryClass   = "astro-ph.CO",
      SLACcitation   = "%%CITATION = ARXIV:1512.05344;%%"
}

@article{Feng:2009hw,
      author         = "Feng, Jonathan L. and Kaplinghat, Manoj and Yu, Hai-Bo",
      title          = "{Halo Shape and Relic Density Exclusions of
                        Sommerfeld-Enhanced Dark Matter Explanations of Cosmic Ray
                        Excesses}",
      journal        = "Phys. Rev. Lett.",
      volume         = "104",
      year           = "2010",
      pages          = "151301",
      doi            = "10.1103/PhysRevLett.104.151301",
      eprint         = "0911.0422",
      archivePrefix  = "arXiv",
      primaryClass   = "hep-ph",
      reportNumber   = "UCI-TR-2009-12",
      SLACcitation   = "%%CITATION = ARXIV:0911.0422;%%"
}

@article{Klypin:1999uc,
      author         = "Klypin, Anatoly A. and Kravtsov, Andrey V. and
                        Valenzuela, Octavio and Prada, Francisco",
      title          = "{Where are the missing Galactic satellites?}",
      journal        = "Astrophys. J.",
      volume         = "522",
      year           = "1999",
      pages          = "82-92",
      doi            = "10.1086/307643",
      eprint         = "astro-ph/9901240",
      archivePrefix  = "arXiv",
      primaryClass   = "astro-ph",
      SLACcitation   = "%%CITATION = ASTRO-PH/9901240;%%"
}

@article{Moore:1999nt,
      author         = "Moore, B. and Ghigna, S. and Governato, F. and Lake, G.
                        and Quinn, Thomas R. and Stadel, J. and Tozzi, P.",
      title          = "{Dark matter substructure within galactic halos}",
      journal        = "Astrophys. J.",
      volume         = "524",
      year           = "1999",
      pages          = "L19-L22",
      doi            = "10.1086/312287",
      eprint         = "astro-ph/9907411",
      archivePrefix  = "arXiv",
      primaryClass   = "astro-ph",
      SLACcitation   = "%%CITATION = ASTRO-PH/9907411;%%"
}

@article{Oman:2016zjn,
      author         = "Oman, Kyle A. and Navarro, Julio F. and Sales, Laura V.
                        and Fattahi, Azadeh and Frenk, Carlos S. and Sawala, Till
                        and Schaller, Matthieu and White, Simon D. M.",
      title          = "{Missing dark matter in dwarf galaxies?}",
      journal        = "Mon. Not. Roy. Astron. Soc.",
      volume         = "460",
      year           = "2016",
      number         = "4",
      pages          = "3610-3623",
      doi            = "10.1093/mnras/stw1251",
      eprint         = "1601.01026",
      archivePrefix  = "arXiv",
      primaryClass   = "astro-ph.GA",
      SLACcitation   = "%%CITATION = ARXIV:1601.01026;%%"
}

@article{Oman:2015xda,
      author         = "Oman, Kyle A. and others",
      title          = "{The unexpected diversity of dwarf galaxy rotation
                        curves}",
      journal        = "Mon. Not. Roy. Astron. Soc.",
      volume         = "452",
      year           = "2015",
      number         = "4",
      pages          = "3650-3665",
      doi            = "10.1093/mnras/stv1504",
      eprint         = "1504.01437",
      archivePrefix  = "arXiv",
      primaryClass   = "astro-ph.GA",
      SLACcitation   = "%%CITATION = ARXIV:1504.01437;%%"
}

@article{BoylanKolchin:2011dk,
      author         = "Boylan-Kolchin, Michael and Bullock, James S. and
                        Kaplinghat, Manoj",
      title          = "{The Milky Way's bright satellites as an apparent failure
                        of LCDM}",
      journal        = "Mon. Not. Roy. Astron. Soc.",
      volume         = "422",
      year           = "2012",
      pages          = "1203-1218",
      doi            = "10.1111/j.1365-2966.2012.20695.x",
      eprint         = "1111.2048",
      archivePrefix  = "arXiv",
      primaryClass   = "astro-ph.CO",
      SLACcitation   = "%%CITATION = ARXIV:1111.2048;%%"
}

@article{BoylanKolchin:2011de,
      author         = "Boylan-Kolchin, Michael and Bullock, James S. and
                        Kaplinghat, Manoj",
      title          = "{Too big to fail? The puzzling darkness of massive Milky
                        Way subhaloes}",
      journal        = "Mon. Not. Roy. Astron. Soc.",
      volume         = "415",
      year           = "2011",
      pages          = "L40",
      doi            = "10.1111/j.1745-3933.2011.01074.x",
      eprint         = "1103.0007",
      archivePrefix  = "arXiv",
      primaryClass   = "astro-ph.CO",
      SLACcitation   = "%%CITATION = ARXIV:1103.0007;%%"
}

@article{Moore:1994yx,
      author         = "Moore, B.",
      title          = "{Evidence against dissipationless dark matter from
                        observations of galaxy haloes}",
      journal        = "Nature",
      volume         = "370",
      year           = "1994",
      pages          = "629",
      doi            = "10.1038/370629a0",
      SLACcitation   = "%%CITATION = NATUA,370,629;%%"
}

@article{Flores:1994gz,
      author         = "Flores, Ricardo A. and Primack, Joel R.",
      title          = "{Observational and theoretical constraints on singular
                        dark matter halos}",
      journal        = "Astrophys. J.",
      volume         = "427",
      year           = "1994",
      pages          = "L1-4",
      doi            = "10.1086/187350",
      eprint         = "astro-ph/9402004",
      archivePrefix  = "arXiv",
      primaryClass   = "astro-ph",
      reportNumber   = "SCIPP-93-01-REV, SCIPP-93-01",
      SLACcitation   = "%%CITATION = ASTRO-PH/9402004;%%"
}

@article{Bullock:2017xww,
      author         = "Bullock, James S. and Boylan-Kolchin, Michael",
      title          = "{Small-Scale Challenges to the $\Lambda$CDM Paradigm}",
      journal        = "Ann. Rev. Astron. Astrophys.",
      volume         = "55",
      year           = "2017",
      pages          = "343-387",
      doi            = "10.1146/annurev-astro-091916-055313",
      eprint         = "1707.04256",
      archivePrefix  = "arXiv",
      primaryClass   = "astro-ph.CO",
      SLACcitation   = "%%CITATION = ARXIV:1707.04256;%%"
}

@article{Robertson:2017mgj,
      author         = "Robertson, Andrew and others",
      title          = "{The diverse density profiles of galaxy clusters with
                        self-interacting dark matter plus baryons}",
      journal        = "Mon. Not. Roy. Astron. Soc.",
      volume         = "476",
      year           = "2018",
      number         = "1",
      pages          = "L20-L24",
      doi            = "10.1093/mnrasl/sly024",
      eprint         = "1711.09096",
      archivePrefix  = "arXiv",
      primaryClass   = "astro-ph.CO",
      SLACcitation   = "%%CITATION = ARXIV:1711.09096;%%"
}

@article{Kamada:2016euw,
      author         = "Kamada, Ayuki and Kaplinghat, Manoj and Pace, Andrew B.
                        and Yu, Hai-Bo",
      title          = "{How the Self-Interacting Dark Matter Model Explains the
                        Diverse Galactic Rotation Curves}",
      journal        = "Phys. Rev. Lett.",
      volume         = "119",
      year           = "2017",
      number         = "11",
      pages          = "111102",
      doi            = "10.1103/PhysRevLett.119.111102",
      eprint         = "1611.02716",
      archivePrefix  = "arXiv",
      primaryClass   = "astro-ph.GA",
      SLACcitation   = "%%CITATION = ARXIV:1611.02716;%%"
}

@article{Elbert:2014bma,
      author         = "Elbert, Oliver D. and Bullock, James S. and
                        Garrison-Kimmel, Shea and Rocha, Miguel and Onorbe, Jose
                        and Peter, Annika H. G.",
      title          = "{Core formation in dwarf haloes with self-interacting
                        dark matter: no fine-tuning necessary}",
      journal        = "Mon. Not. Roy. Astron. Soc.",
      volume         = "453",
      year           = "2015",
      number         = "1",
      pages          = "29-37",
      doi            = "10.1093/mnras/stv1470",
      eprint         = "1412.1477",
      archivePrefix  = "arXiv",
      primaryClass   = "astro-ph.GA",
      SLACcitation   = "%%CITATION = ARXIV:1412.1477;%%"
}
@article{Zavala:2012us,
      author         = "Zavala, Jesus and Vogelsberger, Mark and Walker, Matthew
                        G.",
      title          = "{Constraining Self-Interacting Dark Matter with the Milky
                        Way's dwarf spheroidals}",
      journal        = "Mon. Not. Roy. Astron. Soc.",
      volume         = "431",
      year           = "2013",
      pages          = "L20-L24",
      doi            = "10.1093/mnrasl/sls053",
      eprint         = "1211.6426",
      archivePrefix  = "arXiv",
      primaryClass   = "astro-ph.CO",
      SLACcitation   = "%%CITATION = ARXIV:1211.6426;%%"
}

@article{Peter:2012jh,
      author         = "Peter, Annika H. G. and Rocha, Miguel and Bullock, James
                        S. and Kaplinghat, Manoj",
      title          = "{Cosmological Simulations with Self-Interacting Dark
                        Matter II: Halo Shapes vs. Observations}",
      journal        = "Mon. Not. Roy. Astron. Soc.",
      volume         = "430",
      year           = "2013",
      pages          = "105",
      doi            = "10.1093/mnras/sts535",
      eprint         = "1208.3026",
      archivePrefix  = "arXiv",
      primaryClass   = "astro-ph.CO",
      reportNumber   = "NSF-KITP-12-147",
      SLACcitation   = "%%CITATION = ARXIV:1208.3026;%%"
}

@article{Vogelsberger:2012ku,
      author         = "Vogelsberger, Mark and Zavala, Jesus and Loeb, Abraham",
      title          = "{Subhaloes in Self-Interacting Galactic Dark Matter
                        Haloes}",
      journal        = "Mon. Not. Roy. Astron. Soc.",
      volume         = "423",
      year           = "2012",
      pages          = "3740",
      doi            = "10.1111/j.1365-2966.2012.21182.x",
      eprint         = "1201.5892",
      archivePrefix  = "arXiv",
      primaryClass   = "astro-ph.CO",
      SLACcitation   = "%%CITATION = ARXIV:1201.5892;%%"
}

@article{Loeb:2010gj,
      author         = "Loeb, Abraham and Weiner, Neal",
      title          = "{Cores in Dwarf Galaxies from Dark Matter with a Yukawa
                        Potential}",
      journal        = "Phys. Rev. Lett.",
      volume         = "106",
      year           = "2011",
      pages          = "171302",
      doi            = "10.1103/PhysRevLett.106.171302",
      eprint         = "1011.6374",
      archivePrefix  = "arXiv",
      primaryClass   = "astro-ph.CO",
      SLACcitation   = "%%CITATION = ARXIV:1011.6374;%%"
}

@article{Spergel:1999mh,
      author         = "Spergel, David N. and Steinhardt, Paul J.",
      title          = "{Observational evidence for selfinteracting cold dark
                        matter}",
      journal        = "Phys. Rev. Lett.",
      volume         = "84",
      year           = "2000",
      pages          = "3760-3763",
      doi            = "10.1103/PhysRevLett.84.3760",
      eprint         = "astro-ph/9909386",
      archivePrefix  = "arXiv",
      primaryClass   = "astro-ph",
      SLACcitation   = "%%CITATION = ASTRO-PH/9909386;%%"
}

@article{Tulin:2013teo,
      author         = "Tulin, Sean and Yu, Hai-Bo and Zurek, Kathryn M.",
      title          = "{Beyond Collisionless Dark Matter: Particle Physics
                        Dynamics for Dark Matter Halo Structure}",
      journal        = "Phys. Rev.",
      volume         = "D87",
      year           = "2013",
      number         = "11",
      pages          = "115007",
      doi            = "10.1103/PhysRevD.87.115007",
      eprint         = "1302.3898",
      archivePrefix  = "arXiv",
      primaryClass   = "hep-ph",
      SLACcitation   = "%%CITATION = ARXIV:1302.3898;%%"
}

@article{Aarssen:2012fx,
      author         = "van den Aarssen, Laura G. and Bringmann, Torsten and
                        Pfrommer, Christoph",
      title          = "{Is dark matter with long-range interactions a solution
                        to all small-scale problems of $\Lambda$CDM cosmology?}",
      journal        = "Phys. Rev. Lett.",
      volume         = "109",
      year           = "2012",
      pages          = "231301",
      doi            = "10.1103/PhysRevLett.109.231301",
      eprint         = "1205.5809",
      archivePrefix  = "arXiv",
      primaryClass   = "astro-ph.CO",
      SLACcitation   = "%%CITATION = ARXIV:1205.5809;%%"
}

@MISC{CERNLIB,
howpublished = "\url{http://http://cernlib.web.cern.ch/cernlib/version.html}" 
}

@MISC{isajet_www,
howpublished = "\url{http://www.phy.bnl.gov/\~isajet}" 
}

@MISC{dmnlo,
howpublished = "\url{http://dmnlo.hepforge.org}" 
}

@MISC{feynhiggs_www,
howpublished = "\url{http://www.feynhiggs.de}" 
}


@article{GondoloScopel,
      author         = "Gondolo, Paolo and Scopel, Stefano",
      title          = "{ }",
      journal        = "{\it in prep.}",
      year           = "2018",
}

@article{Bringmann:2007nk,
      author         = "Bringmann, Torsten and Bergstr{\"o}m, Lars and Edsj{\"o}, Joakim",
      title          = "{New Gamma-Ray Contributions to Supersymmetric Dark
                        Matter Annihilation}",
      journal        = "JHEP",
      volume         = "01",
      year           = "2008",
      pages          = "049",
      doi            = "10.1088/1126-6708/2008/01/049",
      eprint         = "0710.3169",
      archivePrefix  = "arXiv",
      primaryClass   = "hep-ph",
      SLACcitation   = "%%CITATION = ARXIV:0710.3169;%%"
}

@article{Edsjo:2003us,
      author         = "Edsj{\"o}, Joakim and Schelke, Mia and Ullio, Piero and
                        Gondolo, Paolo",
      title          = "{Accurate relic densities with neutralino, chargino and
                        sfermion coannihilations in mSUGRA}",
      journal        = "JCAP",
      volume         = "0304",
      year           = "2003",
      pages          = "001",
      doi            = "10.1088/1475-7516/2003/04/001",
      eprint         = "hep-ph/0301106",
      archivePrefix  = "arXiv",
      primaryClass   = "hep-ph",
      reportNumber   = "NSF-ITP-03-03, CWRU-P1-03",
      SLACcitation   = "%%CITATION = HEP-PH/0301106;%%"
}

@article{Ciuchini:1998xy,
      author         = "Ciuchini, Marco and Degrassi, G. and Gambino, P. and
                        Giudice, G. F.",
      title          = "{Next-to-leading QCD corrections to B ---> X(s) gamma in
                        supersymmetry}",
      journal        = "Nucl. Phys.",
      volume         = "B534",
      year           = "1998",
      pages          = "3-20",
      doi            = "10.1016/S0550-3213(98)00516-1",
      eprint         = "hep-ph/9806308",
      archivePrefix  = "arXiv",
      primaryClass   = "hep-ph",
      reportNumber   = "CERN-TH-98-177, DFPD-98-TH-25, TUM-HEP-313-98",
      SLACcitation   = "%%CITATION = HEP-PH/9806308;%%"
}

@article{Degrassi:2000qf,
      author         = "Degrassi, G. and Gambino, P. and Giudice, G. F.",
      title          = "{B ---> X(s gamma) in supersymmetry: Large contributions
                        beyond the leading order}",
      journal        = "JHEP",
      volume         = "12",
      year           = "2000",
      pages          = "009",
      doi            = "10.1088/1126-6708/2000/12/009",
      eprint         = "hep-ph/0009337",
      archivePrefix  = "arXiv",
      primaryClass   = "hep-ph",
      reportNumber   = "CERN-TH-2000-283, DFPD-00-TH-43",
      SLACcitation   = "%%CITATION = HEP-PH/0009337;%%"
}

@article{Ciuchini:1997xe,
      author         = "Ciuchini, Marco and Degrassi, G. and Gambino, P. and
                        Giudice, G. F.",
      title          = "{Next-to-leading QCD corrections to $B \to  X_s \gamma$:
                        Standard model and two Higgs doublet model}",
      journal        = "Nucl. Phys.",
      volume         = "B527",
      year           = "1998",
      pages          = "21-43",
      doi            = "10.1016/S0550-3213(98)00244-2",
      eprint         = "hep-ph/9710335",
      archivePrefix  = "arXiv",
      primaryClass   = "hep-ph",
      reportNumber   = "CERN-TH-97-279, MPI-PHT-97-64",
      SLACcitation   = "%%CITATION = HEP-PH/9710335;%%"
}

@article{Buras:2002tp,
      author         = "Buras, Andrzej J. and Czarnecki, Andrzej and Misiak,
                        Mikolaj and Urban, Jorg",
      title          = "{Completing the NLO QCD calculation of anti-B ---> X(s
                        gamma)}",
      journal        = "Nucl. Phys.",
      volume         = "B631",
      year           = "2002",
      pages          = "219-238",
      doi            = "10.1016/S0550-3213(02)00261-4",
      eprint         = "hep-ph/0203135",
      archivePrefix  = "arXiv",
      primaryClass   = "hep-ph",
      reportNumber   = "TUM-HEP-455-02, ALBERTA-THY-05-02, IFT-5-2002",
      SLACcitation   = "%%CITATION = HEP-PH/0203135;%%"
}

@article{Gambino:2001ew,
      author         = "Gambino, Paolo and Misiak, Mikolaj",
      title          = "{Quark mass effects in anti-B ---> X(s gamma)}",
      journal        = "Nucl. Phys.",
      volume         = "B611",
      year           = "2001",
      pages          = "338-366",
      doi            = "10.1016/S0550-3213(01)00347-9",
      eprint         = "hep-ph/0104034",
      archivePrefix  = "arXiv",
      primaryClass   = "hep-ph",
      reportNumber   = "CERN-TH-2001-089, IFT-11-2001",
      SLACcitation   = "%%CITATION = HEP-PH/0104034;%%"
}

@article{Nakamura:2010zzi,
      author         = "Nakamura, K. and others",
      title          = "{Review of particle physics}",
      collaboration  = "Particle Data Group",
      journal        = "J. Phys.",
      volume         = "G37",
      year           = "2010",
      pages          = "075021",
      doi            = "10.1088/0954-3899/37/7A/075021",
      reportNumber   = "FERMILAB-PUB-10-665-PPD",
      SLACcitation   = "%%CITATION = JPAGA,G37,075021;%%"
}

@article{Heinemeyer:1998yj,
      author         = "Heinemeyer, S. and Hollik, W. and Weiglein, G.",
      title          = "{FeynHiggs: A Program for the calculation of the masses
                        of the neutral CP even Higgs bosons in the MSSM}",
      journal        = "Comput. Phys. Commun.",
      volume         = "124",
      year           = "2000",
      pages          = "76-89",
      doi            = "10.1016/S0010-4655(99)00364-1",
      eprint         = "hep-ph/9812320",
      archivePrefix  = "arXiv",
      primaryClass   = "hep-ph",
      reportNumber   = "KA-TP-16-1998, DESY-98-193, CERN-TH-98-389",
      SLACcitation   = "%%CITATION = HEP-PH/9812320;%%"
}

@article{Heinemeyer:1998jw,
      author         = "Heinemeyer, S. and Hollik, W. and Weiglein, G.",
      title          = "{QCD corrections to the masses of the neutral CP - even
                        Higgs bosons in the MSSM}",
      journal        = "Phys. Rev.",
      volume         = "D58",
      year           = "1998",
      pages          = "091701",
      doi            = "10.1103/PhysRevD.58.091701",
      eprint         = "hep-ph/9803277",
      archivePrefix  = "arXiv",
      primaryClass   = "hep-ph",
      reportNumber   = "KA-TP-2-1998",
      SLACcitation   = "%%CITATION = HEP-PH/9803277;%%"
}

@article{Heinemeyer:1998np,
      author         = "Heinemeyer, S. and Hollik, W. and Weiglein, G.",
      title          = "{The Masses of the neutral CP - even Higgs bosons in the
                        MSSM: Accurate analysis at the two loop level}",
      journal        = "Eur. Phys. J.",
      volume         = "C9",
      year           = "1999",
      pages          = "343-366",
      doi            = "10.1007/s100529900006, 10.1007/s100520050537",
      eprint         = "hep-ph/9812472",
      archivePrefix  = "arXiv",
      primaryClass   = "hep-ph",
      reportNumber   = "KA-TP-17-1998, DESY-98-194, CERN-TH-98-405",
      SLACcitation   = "%%CITATION = HEP-PH/9812472;%%"
}

@article{Heinemeyer:1999be,
      author         = "Heinemeyer, S. and Hollik, W. and Weiglein, G.",
      title          = "{The Mass of the lightest MSSM Higgs boson: A Compact
                        analytical expression at the two loop level}",
      journal        = "Phys. Lett.",
      volume         = "B455",
      year           = "1999",
      pages          = "179-191",
      doi            = "10.1016/S0370-2693(99)00417-7",
      eprint         = "hep-ph/9903404",
      archivePrefix  = "arXiv",
      primaryClass   = "hep-ph",
      reportNumber   = "CERN-TH-99-74, DESY-99-012, KA-TP-1-1999",
      SLACcitation   = "%%CITATION = HEP-PH/9903404;%%"
}

@article{Pierce:1993gj,
      author         = "Pierce, Damien and Papadopoulos, Aris",
      title          = "{Radiative corrections to neutralino and chargino masses
                        in the minimal supersymmetric model}",
      journal        = "Phys. Rev.",
      volume         = "D50",
      year           = "1994",
      pages          = "565-570",
      doi            = "10.1103/PhysRevD.50.565",
      eprint         = "hep-ph/9312248",
      archivePrefix  = "arXiv",
      primaryClass   = "hep-ph",
      reportNumber   = "JHU-TIPAC-930030, PURD-TH-93-13A",
      SLACcitation   = "%%CITATION = HEP-PH/9312248;%%"
}

@article{Lahanas:1993ib,
      author         = "Lahanas, A. B. and Tamvakis, K. and Tracas, N. D.",
      title          = "{One loop corrections to the neutralino sector and
                        radiative electroweak breaking in the MSSM}",
      journal        = "Phys. Lett.",
      volume         = "B324",
      year           = "1994",
      pages          = "387-396",
      doi            = "10.1016/0370-2693(94)90211-9",
      eprint         = "hep-ph/9312251",
      archivePrefix  = "arXiv",
      primaryClass   = "hep-ph",
      reportNumber   = "CERN-TH-7089-93, IOA-297, NTUA-42-93",
      SLACcitation   = "%%CITATION = HEP-PH/9312251;%%"
}

@article{Drees:1996pk,
      author         = "Drees, Manuel and Nojiri, Mihoko M. and Roy, D. P. and
                        Yamada, Youichi",
      title          = "{Light Higgsino dark matter}",
      journal        = "Phys. Rev.",
      volume         = "D56",
      year           = "1997",
      pages          = "276-290",
      doi            = "10.1103/PhysRevD.64.039901, 10.1103/PhysRevD.56.276",
      note           = "[Erratum: Phys. Rev.D64,039901(2001)]",
      eprint         = "hep-ph/9701219",
      archivePrefix  = "arXiv",
      primaryClass   = "hep-ph",
      reportNumber   = "APCTP-96-06, KEK-TH-505, KEK-PREPRINT-96-156,
                        TIFR-TH-96-62, TU-515",
      SLACcitation   = "%%CITATION = HEP-PH/9701219;%%"
}

@article{Paige:2003mg,
      author         = "Paige, Frank E. and Protopopescu, Serban D. and Baer,
                        Howard and Tata, Xerxes",
      title          = "{ISAJET 7.69: A Monte Carlo event generator for pp,
                        anti-p p, and e+e- reactions}",
      year           = "2003",
      eprint         = "hep-ph/0312045",
      archivePrefix  = "arXiv",
      primaryClass   = "hep-ph",
      SLACcitation   = "%%CITATION = HEP-PH/0312045;%%"
}

@article{Haber:1984rc,
      author         = "Haber, Howard E. and Kane, Gordon L.",
      title          = "{The Search for Supersymmetry: Probing Physics Beyond the
                        Standard Model}",
      journal        = "Phys. Rept.",
      volume         = "117",
      year           = "1985",
      pages          = "75-263",
      doi            = "10.1016/0370-1573(85)90051-1",
      reportNumber   = "UM-HE-TH-83-17, SCIPP-85-47",
      SLACcitation   = "%%CITATION = PRPLC,117,75;%%"
}

@article{Gunion:1984yn,
      author         = "Gunion, J. F. and Haber, Howard E.",
      title          = "{Higgs Bosons in Supersymmetric Models. 1.}",
      journal        = "Nucl. Phys.",
      volume         = "B272",
      year           = "1986",
      pages          = "1",
      doi            = "10.1016/0550-3213(86)90340-8,
                        10.1016/0550-3213(93)90653-7",
      note           = "[Erratum: Nucl. Phys.B402,567(1993)]",
      reportNumber   = "SLAC-PUB-3404",
      SLACcitation   = "%%CITATION = NUPHA,B272,1;%%"
}

@article{Bergstrom:1995cz,
      author         = "Bergstr{\"o}m, Lars and Gondolo, Paolo",
      title          = "{Limits on direct detection of neutralino dark matter
                        from b ---> s gamma decays}",
      journal        = "Astropart. Phys.",
      volume         = "5",
      year           = "1996",
      pages          = "263-278",
      doi            = "10.1016/0927-6505(96)00027-8",
      eprint         = "hep-ph/9510252",
      archivePrefix  = "arXiv",
      primaryClass   = "hep-ph",
      reportNumber   = "UUITP-17-95, OUTP-95-38-P",
      SLACcitation   = "%%CITATION = HEP-PH/9510252;%%"
}

@article{Groom:2000in,
      author         = "Groom, Donald E. and others",
      title          = "{Review of particle physics. Particle Data Group}",
      collaboration  = "Particle Data Group",
      journal        = "Eur. Phys. J.",
      volume         = "C15",
      year           = "2000",
      pages          = "1-878",
      SLACcitation   = "%%CITATION = EPHJA,C15,1;%%"
}

@article{Bringmann:2006mu,
      author         = "Bringmann, Torsten and Hofmann, Stefan",
      title          = "{Thermal decoupling of WIMPs from first principles}",
      journal        = "JCAP",
      volume         = "0704",
      year           = "2007",
      pages          = "016",
      doi            = "10.1088/1475-7516/2007/04/016,
                        10.1088/1475-7516/2007/04/016;
                        10.1088/1475-7516/2016/03/E02,
                        10.1088/1475-7516/2016/03/E02",
      note           = "[Erratum: JCAP1603,no.03,E02(2016)]",
      eprint         = "hep-ph/0612238",
      archivePrefix  = "arXiv",
      primaryClass   = "hep-ph",
      SLACcitation   = "%%CITATION = HEP-PH/0612238;%%"
}

@article{Loeb:2005pm,
      author         = "Loeb, Abraham and Zaldarriaga, Matias",
      title          = "{The Small-scale power spectrum of cold dark matter}",
      journal        = "Phys. Rev.",
      volume         = "D71",
      year           = "2005",
      pages          = "103520",
      doi            = "10.1103/PhysRevD.71.103520",
      eprint         = "astro-ph/0504112",
      archivePrefix  = "arXiv",
      primaryClass   = "astro-ph",
      SLACcitation   = "%%CITATION = ASTRO-PH/0504112;%%"
}

@article{Bertschinger:2006nq,
      author         = "Bertschinger, Edmund",
      title          = "{The Effects of Cold Dark Matter Decoupling and Pair
                        Annihilation on Cosmological Perturbations}",
      journal        = "Phys. Rev.",
      volume         = "D74",
      year           = "2006",
      pages          = "063509",
      doi            = "10.1103/PhysRevD.74.063509",
      eprint         = "astro-ph/0607319",
      archivePrefix  = "arXiv",
      primaryClass   = "astro-ph",
      SLACcitation   = "%%CITATION = ASTRO-PH/0607319;%%"
}

@article{Green:2005fa,
      author         = "Green, Anne M. and Hofmann, Stefan and Schwarz, Dominik
                        J.",
      title          = "{The First wimpy halos}",
      journal        = "JCAP",
      volume         = "0508",
      year           = "2005",
      pages          = "003",
      doi            = "10.1088/1475-7516/2005/08/003",
      eprint         = "astro-ph/0503387",
      archivePrefix  = "arXiv",
      primaryClass   = "astro-ph",
      SLACcitation   = "%%CITATION = ASTRO-PH/0503387;%%"
}

@phdthesis{KasaharaPHD,
 author = "Kasahara, Junji",
 title = "Neutralino Dark Matter: The Mass of the smallest Halo and the golden Region", 
 school = "University of Utah", 
 year = "2009"
}

@article{Gondolo:2012vh,
      author         = "Gondolo, Paolo and Hisano, Junji and Kadota, Kenji",
      title          = "{The Effect of quark interactions on dark matter kinetic
                        decoupling and the mass of the smallest dark halos}",
      journal        = "Phys. Rev.",
      volume         = "D86",
      year           = "2012",
      pages          = "083523",
      doi            = "10.1103/PhysRevD.86.083523",
      eprint         = "1205.1914",
      archivePrefix  = "arXiv",
      primaryClass   = "hep-ph",
      SLACcitation   = "%%CITATION = ARXIV:1205.1914;%%"
}

@article{Bringmann:2016ilk,
      author         = "Bringmann, Torsten and Ihle, Haavard Tveit and Kersten,
                        Joern and Walia, Parampreet",
      title          = "{Suppressing structure formation at dwarf galaxy scales
                        and below: late kinetic decoupling as a compelling
                        alternative to warm dark matter}",
      journal        = "Phys. Rev.",
      volume         = "D94",
      year           = "2016",
      number         = "10",
      pages          = "103529",
      doi            = "10.1103/PhysRevD.94.103529",
      eprint         = "1603.04884",
      archivePrefix  = "arXiv",
      primaryClass   = "hep-ph",
      SLACcitation   = "%%CITATION = ARXIV:1603.04884;%%"
}

@article{Bringmann:2009vf,
      author         = "Bringmann, Torsten",
      title          = "{Particle Models and the Small-Scale Structure of Dark
                        Matter}",
      journal        = "New J. Phys.",
      volume         = "11",
      year           = "2009",
      pages          = "105027",
      doi            = "10.1088/1367-2630/11/10/105027",
      eprint         = "0903.0189",
      archivePrefix  = "arXiv",
      primaryClass   = "astro-ph.CO",
      SLACcitation   = "%%CITATION = ARXIV:0903.0189;%%"
}

@article{Gondolo:1990dk,
      author         = "Gondolo, Paolo and Gelmini, Graciela",
      title          = "{Cosmic abundances of stable particles: Improved
                        analysis}",
      journal        = "Nucl. Phys.",
      volume         = "B360",
      year           = "1991",
      pages          = "145-179",
      doi            = "10.1016/0550-3213(91)90438-4",
      reportNumber   = "UCLA-90-TEP-68",
      SLACcitation   = "%%CITATION = NUPHA,B360,145;%%"
}

@article{Edsjo:1997bg,
      author         = "Edsj{\"o}, Joakim and Gondolo, Paolo",
      title          = "{Neutralino relic density including coannihilations}",
      journal        = "Phys. Rev.",
      volume         = "D56",
      year           = "1997",
      pages          = "1879-1894",
      doi            = "10.1103/PhysRevD.56.1879",
      eprint         = "hep-ph/9704361",
      archivePrefix  = "arXiv",
      primaryClass   = "hep-ph",
      reportNumber   = "UUITP-11-97, MPI-PHT-97-27",
      SLACcitation   = "%%CITATION = HEP-PH/9704361;%%"
}

@article{Kolb:1990vq,
      author         = "Kolb, Edward W. and Turner, Michael S.",
      title          = "{The Early Universe}",
      journal        = "Front. Phys.",
      volume         = "69",
      year           = "1990",
      pages          = "1-547",
      SLACcitation   = "%%CITATION = FRPHA,69,1;%%"
}

@article{Sjostrand:2006za,
      author         = "Sj{\"o}strand, Torbj{\"o}rn and Mrenna, Stephen and Skands, Peter
                        Z.",
      title          = "{PYTHIA 6.4 Physics and Manual}",
      journal        = "JHEP",
      volume         = "05",
      year           = "2006",
      pages          = "026",
      doi            = "10.1088/1126-6708/2006/05/026",
      eprint         = "hep-ph/0603175",
      archivePrefix  = "arXiv",
      primaryClass   = "hep-ph",
      reportNumber   = "FERMILAB-PUB-06-052-CD-T, LU-TP-06-13",
      SLACcitation   = "%%CITATION = HEP-PH/0603175;%%"
}

@article{ds4,
      author         = "Gondolo, P. and Edsj{\"o}, J. and Ullio, P. and Bergstr{\"o}m, L.
                        and Schelke, Mia and Baltz, E. A.",
      title          = "{DarkSUSY: Computing supersymmetric dark matter
                        properties numerically}",
      journal        = "JCAP",
      volume         = "0407",
      year           = "2004",
      pages          = "008",
      doi            = "10.1088/1475-7516/2004/07/008",
      eprint         = "astro-ph/0406204",
      archivePrefix  = "arXiv",
      primaryClass   = "astro-ph",
      reportNumber   = "SLAC-PUB-10562",
      SLACcitation   = "%%CITATION = ASTRO-PH/0406204;%%"
}

@article{ds6,
      author         = "Bringmann, T. and Edsj{\"o}, J. and Gondolo, P. and Ullio, P. and Bergstr{\"o}m, L.",
      title          = "{DarkSUSY 6: An Advanced Tool to Compute Dark Matter Properties Numerically}",
      year           = "2018"
}

@article{Cline:2013gha,
      author         = "Cline, James M. and Kainulainen, Kimmo and Scott, Pat and
                        Weniger, Christoph",
      title          = "{Update on scalar singlet dark matter}",
      journal        = "Phys. Rev.",
      volume         = "D88",
      year           = "2013",
      pages          = "055025",
      doi            = "10.1103/PhysRevD.92.039906, 10.1103/PhysRevD.88.055025",
      note           = "[Erratum: Phys. Rev.D92,no.3,039906(2015)]",
      eprint         = "1306.4710",
      archivePrefix  = "arXiv",
      primaryClass   = "hep-ph",
      SLACcitation   = "%%CITATION = ARXIV:1306.4710;%%"
}

@article{Steffen:2008qp,
      author         = "Steffen, Frank Daniel",
      title          = "{Dark Matter Candidates - Axions, Neutralinos,
                        Gravitinos, and Axinos}",
      journal        = "Eur. Phys. J.",
      volume         = "C59",
      year           = "2009",
      pages          = "557-588",
      doi            = "10.1140/epjc/s10052-008-0830-0",
      eprint         = "0811.3347",
      archivePrefix  = "arXiv",
      primaryClass   = "hep-ph",
      reportNumber   = "MPP-2008-130",
      SLACcitation   = "%%CITATION = ARXIV:0811.3347;%%"
}

@article{Feng:2010gw,
      author         = "Feng, Jonathan L.",
      title          = "{Dark Matter Candidates from Particle Physics and Methods
                        of Detection}",
      journal        = "Ann. Rev. Astron. Astrophys.",
      volume         = "48",
      year           = "2010",
      pages          = "495-545",
      doi            = "10.1146/annurev-astro-082708-101659",
      eprint         = "1003.0904",
      archivePrefix  = "arXiv",
      primaryClass   = "astro-ph.CO",
      reportNumber   = "UCI-TR-2009-13",
      SLACcitation   = "%%CITATION = ARXIV:1003.0904;%%"
}

@article{Baer:2014eja,
      author         = "Baer, Howard and Choi, Ki-Young and Kim, Jihn E. and
                        Roszkowski, Leszek",
      title          = "{Dark matter production in the early Universe: beyond the
                        thermal WIMP paradigm}",
      journal        = "Phys. Rept.",
      volume         = "555",
      year           = "2015",
      pages          = "1-60",
      doi            = "10.1016/j.physrep.2014.10.002",
      eprint         = "1407.0017",
      archivePrefix  = "arXiv",
      primaryClass   = "hep-ph",
      SLACcitation   = "%%CITATION = ARXIV:1407.0017;%%"
}

@article{Birkedal:2006fz,
      author         = "Birkedal, Andreas and Noble, Andrew and Perelstein, Maxim
                        and Spray, Andrew",
      title          = "{Little Higgs dark matter}",
      journal        = "Phys. Rev.",
      volume         = "D74",
      year           = "2006",
      pages          = "035002",
      doi            = "10.1103/PhysRevD.74.035002",
      eprint         = "hep-ph/0603077",
      archivePrefix  = "arXiv",
      primaryClass   = "hep-ph",
      SLACcitation   = "%%CITATION = HEP-PH/0603077;%%"
}

@article{Hooper:2007qk,
      author         = "Hooper, Dan and Profumo, Stefano",
      title          = "{Dark matter and collider phenomenology of universal
                        extra dimensions}",
      journal        = "Phys. Rept.",
      volume         = "453",
      year           = "2007",
      pages          = "29-115",
      doi            = "10.1016/j.physrep.2007.09.003",
      eprint         = "hep-ph/0701197",
      archivePrefix  = "arXiv",
      primaryClass   = "hep-ph",
      reportNumber   = "FERMILAB-PUB-07-018-A",
      SLACcitation   = "%%CITATION = HEP-PH/0701197;%%"
}

@article{Bertone:2004pz,
      author         = "Bertone, Gianfranco and Hooper, Dan and Silk, Joseph",
      title          = "{Particle dark matter: Evidence, candidates and
                        constraints}",
      journal        = "Phys. Rept.",
      volume         = "405",
      year           = "2005",
      pages          = "279-390",
      doi            = "10.1016/j.physrep.2004.08.031",
      eprint         = "hep-ph/0404175",
      archivePrefix  = "arXiv",
      primaryClass   = "hep-ph",
      reportNumber   = "FERMILAB-PUB-04-047-A",
      SLACcitation   = "%%CITATION = HEP-PH/0404175;%%"
}

@article{Bergstrom:2000pn,
      author         = "Bergström, Lars",
      title          = "{Nonbaryonic dark matter: Observational evidence and
                        detection methods}",
      journal        = "Rept. Prog. Phys.",
      volume         = "63",
      year           = "2000",
      pages          = "793",
      doi            = "10.1088/0034-4885/63/5/2r3",
      eprint         = "hep-ph/0002126",
      archivePrefix  = "arXiv",
      primaryClass   = "hep-ph",
      SLACcitation   = "%%CITATION = HEP-PH/0002126;%%"
}

@article{Jungman:1995df,
      author         = "Jungman, Gerard and Kamionkowski, Marc and Griest, Kim",
      title          = "{Supersymmetric dark matter}",
      journal        = "Phys. Rept.",
      volume         = "267",
      year           = "1996",
      pages          = "195-373",
      doi            = "10.1016/0370-1573(95)00058-5",
      eprint         = "hep-ph/9506380",
      archivePrefix  = "arXiv",
      primaryClass   = "hep-ph",
      reportNumber   = "SU-4240-605, UCSD-PTH-95-02, IASSNS-HEP-95-14, CU-TP-677",
      SLACcitation   = "%%CITATION = HEP-PH/9506380;%%"
}

@article{Ellis:1983ew,
      author         = "Ellis, John R. and Hagelin, J. S. and Nanopoulos, Dimitri
                        V. and Olive, Keith A. and Srednicki, M.",
      title          = "{Supersymmetric Relics from the Big Bang}",
      booktitle      = "{IN *BATAVIA 1984, PROCEEDINGS, INNER SPACE/OUTER SPACE*,
                        458-459., In *Srednicki, M.A. (ed.): Particle physics and
                        cosmology* 223-246}",
      journal        = "Nucl. Phys.",
      volume         = "B238",
      year           = "1984",
      pages          = "453-476",
      doi            = "10.1016/0550-3213(84)90461-9",
      reportNumber   = "SLAC-PUB-3171",
      SLACcitation   = "%%CITATION = NUPHA,B238,453;%%"
}

@article{Krauss:1983ik,
      author         = "Krauss, Lawrence M.",
      title          = "{New Constraints on Ino Masses from Cosmology. 1.
                        Supersymmetric Inos}",
      journal        = "Nucl. Phys.",
      volume         = "B227",
      year           = "1983",
      pages          = "556-569",
      doi            = "10.1016/0550-3213(83)90574-6",
      reportNumber   = "HUTP-83-A009-REV, HUTP-83-A009",
      SLACcitation   = "%%CITATION = NUPHA,B227,556;%%"
}

@article{Goldberg:1983nd,
      author         = "Goldberg, H.",
      title          = "{Constraint on the Photino Mass from Cosmology}",
      journal        = "Phys. Rev. Lett.",
      volume         = "50",
      year           = "1983",
      pages          = "1419",
      doi            = "10.1103/PhysRevLett.50.1419",
      note           = "[Erratum: Phys. Rev. Lett.103,099905(2009)]",
      reportNumber   = "NUB-2592",
      SLACcitation   = "%%CITATION = PRLTA,50,1419;%%"
}

@article{Abazajian:2012ys,
      author         = "Abazajian, K. N. and others",
      title          = "{Light Sterile Neutrinos: A White Paper}",
      year           = "2012",
      eprint         = "1204.5379",
      archivePrefix  = "arXiv",
      primaryClass   = "hep-ph",
      reportNumber   = "FERMILAB-PUB-12-881-PPD",
      SLACcitation   = "%%CITATION = ARXIV:1204.5379;%%"
}

@article{Komatsu:2010fb,
      author         = "Komatsu, E. and others",
      title          = "{Seven-Year Wilkinson Microwave Anisotropy Probe (WMAP)
                        Observations: Cosmological Interpretation}",
      collaboration  = "WMAP",
      journal        = "Astrophys. J. Suppl.",
      volume         = "192",
      year           = "2011",
      pages          = "18",
      doi            = "10.1088/0067-0049/192/2/18",
      eprint         = "1001.4538",
      archivePrefix  = "arXiv",
      primaryClass   = "astro-ph.CO",
      SLACcitation   = "%%CITATION = ARXIV:1001.4538;%%"
}

@book{Bertone:2010zza,
      editor         = "Bertone, Gianfranco",
      title          = "{Particle Dark Matter: Observations, Models and
                        Searches}",
      url            = "http://www.cambridge.org/uk/catalogue/catalogue.asp?isbn=9780521763684",
      journal        = "Cambridge, UK: Univ. Pr. (2010) 738 p",
      year           = "2010",
      ISBN           = "9781107653924",
      SLACcitation   = "%%CITATION = INSPIRE-895273;%%"
}

@ARTICLE{lundmark,
   author = {{Lundmark}, K.},
    title = "{{\"U}ber die Bestimmung der Entfernungen, Dimensionen, Massen und Dichtigkeit fur die n{\"a}chstgelegenen anagalacktischen Sternsysteme.}",
  journal = {Meddelanden fran Lunds Astronomiska Observatorium Serie I},
     year = 1930,
   volume = 125,
    pages = {1-13},
   adsurl = {http://adsabs.harvard.edu/abs/1930MeLuF.125....1L},
  adsnote = {Provided by the SAO/NASA Astrophysics Data System}
}

@article{Zwicky:1933gu,
      author         = "Zwicky, F.",
      title          = "{Die Rotverschiebung von extragalaktischen Nebeln}",
      journal        = "Helv. Phys. Acta",
      volume         = "6",
      year           = "1933",
      pages          = "110-127",
      SLACcitation   = "%%CITATION = HPACA,6,110;%%"
}

@article{Clowe:2006eq,
      author         = "Clowe, Douglas and Bradac, Marusa and Gonzalez, Anthony
                        H. and Markevitch, Maxim and Randall, Scott W. and Jones,
                        Christine and Zaritsky, Dennis",
      title          = "{A direct empirical proof of the existence of dark
                        matter}",
      journal        = "Astrophys. J.",
      volume         = "648",
      year           = "2006",
      pages          = "L109-L113",
      doi            = "10.1086/508162",
      eprint         = "astro-ph/0608407",
      archivePrefix  = "arXiv",
      primaryClass   = "astro-ph",
      reportNumber   = "SLAC-PUB-12078",
      SLACcitation   = "%%CITATION = ASTRO-PH/0608407;%%"
}


@article{Bergstrom:1989jr,
      author         = "Bergstr{\"o}m, Lars",
      title          = "{Radiative Processes in Dark Matter Photino
                        Annihilation}",
      journal        = "Phys. Lett.",
      volume         = "B225",
      year           = "1989",
      pages          = "372-380",
      doi            = "10.1016/0370-2693(89)90585-6",
      reportNumber   = "USITP-89-04",
      SLACcitation   = "%%CITATION = PHLTA,B225,372;%%"
}

@article{Bergstrom:2005ss,
      author         = "Bergstr{\"o}m, Lars and Bringmann, Torsten and Eriksson,
                        Martin and Gustafsson, Michael",
      title          = "{Gamma rays from heavy neutralino dark matter}",
      journal        = "Phys. Rev. Lett.",
      volume         = "95",
      year           = "2005",
      pages          = "241301",
      doi            = "10.1103/PhysRevLett.95.241301",
      eprint         = "hep-ph/0507229",
      archivePrefix  = "arXiv",
      primaryClass   = "hep-ph",
      SLACcitation   = "%%CITATION = HEP-PH/0507229;%%"
}

@article{Bergstrom:2008gr,
      author         = "Bergstr{\"o}m, Lars and Bringmann, Torsten and Edsj{\"o}, Joakim",
      title          = "{New Positron Spectral Features from Supersymmetric Dark
                        Matter - a Way to Explain the PAMELA Data?}",
      journal        = "Phys. Rev.",
      volume         = "D78",
      year           = "2008",
      pages          = "103520",
      doi            = "10.1103/PhysRevD.78.103520",
      eprint         = "0808.3725",
      archivePrefix  = "arXiv",
      primaryClass   = "astro-ph",
      SLACcitation   = "%%CITATION = ARXIV:0808.3725;%%"
}

@article{Bringmann:2012vr,
      author         = "Bringmann, Torsten and Huang, Xiaoyuan and Ibarra,
                        Alejandro and Vogl, Stefan and Weniger, Christoph",
      title          = "{Fermi LAT Search for Internal Bremsstrahlung Signatures
                        from Dark Matter Annihilation}",
      journal        = "JCAP",
      volume         = "1207",
      year           = "2012",
      pages          = "054",
      doi            = "10.1088/1475-7516/2012/07/054",
      eprint         = "1203.1312",
      archivePrefix  = "arXiv",
      primaryClass   = "hep-ph",
      reportNumber   = "TUM-HEP-828-12, MPP-2012-54",
      SLACcitation   = "%%CITATION = ARXIV:1203.1312;%%"
}

@article{Bringmann:2015cpa,
      author         = "Bringmann, Torsten and Galea, Ahmad J. and Walia,
                        Parampreet",
      title          = "{Leading QCD Corrections for Indirect Dark Matter
                        Searches: a Fresh Look}",
      journal        = "Phys. Rev.",
      volume         = "D93",
      year           = "2016",
      number         = "4",
      pages          = "043529",
      doi            = "10.1103/PhysRevD.93.043529",
      eprint         = "1510.02473",
      archivePrefix  = "arXiv",
      primaryClass   = "hep-ph",
      SLACcitation   = "%%CITATION = ARXIV:1510.02473;%%"
}

@article{Bringmann:2013oja,
      author         = "Bringmann, Torsten and Calore, Francesca",
      title          = "{Significant Enhancement of Neutralino Dark Matter
                        Annihilation from Electroweak Bremsstrahlung}",
      journal        = "Phys. Rev. Lett.",
      volume         = "112",
      year           = "2014",
      pages          = "071301",
      doi            = "10.1103/PhysRevLett.112.071301",
      eprint         = "1308.1089",
      archivePrefix  = "arXiv",
      primaryClass   = "hep-ph",
      SLACcitation   = "%%CITATION = ARXIV:1308.1089;%%"
}


@article{Bringmann:2017sko,
      author         = "Bringmann, Torsten and Calore, Francesca and Galea, Ahmad
                        and Garny, Mathias",
      title          = "{Electroweak and Higgs Boson Internal Bremsstrahlung:
                        General considerations for Majorana dark matter
                        annihilation and application to MSSM neutralinos}",
      journal        = "JHEP",
      volume         = "09",
      year           = "2017",
      pages          = "041",
      doi            = "10.1007/JHEP09(2017)041",
      eprint         = "1705.03466",
      archivePrefix  = "arXiv",
      primaryClass   = "hep-ph",
      reportNumber   = "TUM-HEP-1083-17, LAPTH-013-17",
      SLACcitation   = "%%CITATION = ARXIV:1705.03466;%%"
}

@article{Binder:2017rgn,
      author         = "Binder, Tobias and Bringmann, Torsten and Gustafsson,
                        Michael and Hryczuk, Andrzej",
      title          = "{Early kinetic decoupling of dark matter: when the
                        standard way of calculating the thermal relic density
                        fails}",
      journal        = "Phys. Rev.",
      volume         = "D96",
      year           = "2017",
      number         = "11",
      pages          = "115010",
      doi            = "10.1103/PhysRevD.96.115010",
      eprint         = "1706.07433",
      archivePrefix  = "arXiv",
      primaryClass   = "astro-ph.CO",
      SLACcitation   = "%%CITATION = ARXIV:1706.07433;%%"
}

@article{Bergstrom:1997fh,
      author         = "Bergstr{\"o}m, Lars and Ullio, Piero",
      title          = "{Full one loop calculation of neutralino annihilation
                        into two photons}",
      journal        = "Nucl. Phys.",
      volume         = "B504",
      year           = "1997",
      pages          = "27-44",
      doi            = "10.1016/S0550-3213(97)00530-0",
      eprint         = "hep-ph/9706232",
      archivePrefix  = "arXiv",
      primaryClass   = "hep-ph",
      SLACcitation   = "%%CITATION = HEP-PH/9706232;%%"
}

@article{Ullio:1997ke,
      author         = "Ullio, Piero and Bergstr{\"o}m, Lars",
      title          = "{Neutralino annihilation into a photon and a Z boson}",
      journal        = "Phys. Rev.",
      volume         = "D57",
      year           = "1998",
      pages          = "1962-1971",
      doi            = "10.1103/PhysRevD.57.1962",
      eprint         = "hep-ph/9707333",
      archivePrefix  = "arXiv",
      primaryClass   = "hep-ph",
      SLACcitation   = "%%CITATION = HEP-PH/9707333;%%"
}

@article{Bern:1997ng,
      author         = "Bern, Zvi and Gondolo, Paolo and Perelstein, Maxim",
      title          = "{Neutralino annihilation into two photons}",
      journal        = "Phys. Lett.",
      volume         = "B411",
      year           = "1997",
      pages          = "86-96",
      doi            = "10.1016/S0370-2693(97)00990-8",
      eprint         = "hep-ph/9706538",
      archivePrefix  = "arXiv",
      primaryClass   = "hep-ph",
      reportNumber   = "UCLA-97-TEP-11, MPI-PHT-97-36",
      SLACcitation   = "%%CITATION = HEP-PH/9706538;%%"
}

@article{Bringmann:2011ut,
      author         = "Bringmann, Torsten and Scott, Pat and Akrami, Yashar",
      title          = "{Improved constraints on the primordial power spectrum at
                        small scales from ultracompact minihalos}",
      journal        = "Phys. Rev.",
      volume         = "D85",
      year           = "2012",
      pages          = "125027",
      doi            = "10.1103/PhysRevD.85.125027",
      eprint         = "1110.2484",
      archivePrefix  = "arXiv",
      primaryClass   = "astro-ph.CO",
      SLACcitation   = "%%CITATION = ARXIV:1110.2484;%%"
}

@article{Clark:2015sha,
      author         = "Clark, Hamish A. and Lewis, Geraint F. and Scott, Pat",
      title          = "{Investigating dark matter substructure with pulsar
                        timing – I. Constraints on ultracompact minihaloes}",
      journal        = "Mon. Not. Roy. Astron. Soc.",
      volume         = "456",
      year           = "2016",
      number         = "2",
      pages          = "1394-1401",
      doi            = "10.1093/mnras/stv2743",
      eprint         = "1509.02938",
      archivePrefix  = "arXiv",
      primaryClass   = "astro-ph.CO",
      SLACcitation   = "%%CITATION = ARXIV:1509.02938;%%"
}

@article{Scott:2009tu,
      author         = "Scott, Pat and Sivertsson, Sofia",
      title          = "{Gamma-Rays from Ultracompact Primordial Dark Matter
                        Minihalos}",
      journal        = "Phys. Rev. Lett.",
      volume         = "103",
      year           = "2009",
      pages          = "211301",
      doi            = "10.1103/PhysRevLett.105.119902,
                        10.1103/PhysRevLett.103.211301",
      note           = "[Erratum: Phys. Rev. Lett.105,119902(2010)]",
      eprint         = "0908.4082",
      archivePrefix  = "arXiv",
      primaryClass   = "astro-ph.CO",
      SLACcitation   = "%%CITATION = ARXIV:0908.4082;%%"
}

@article{Ricotti:2009bs,
      author         = "Ricotti, M. and Gould, A.",
      title          = "{A New Probe of Dark Matter and High-Energy Universe
                        Using Microlensing}",
      journal        = "Astrophys. J.",
      volume         = "707",
      year           = "2009",
      pages          = "979-987",
      doi            = "10.1088/0004-637X/707/2/979",
      eprint         = "0908.0735",
      archivePrefix  = "arXiv",
      primaryClass   = "astro-ph.CO",
      SLACcitation   = "%%CITATION = ARXIV:0908.0735;%%"
}

@article{Berezinsky:2003vn,
      author         = "Berezinsky, Veniamin and Dokuchaev, Vyacheslav and
                        Eroshenko, Yury",
      title          = "{Small - scale clumps in the galactic halo and dark
                        matter annihilation}",
      journal        = "Phys. Rev.",
      volume         = "D68",
      year           = "2003",
      pages          = "103003",
      doi            = "10.1103/PhysRevD.68.103003",
      eprint         = "astro-ph/0301551",
      archivePrefix  = "arXiv",
      primaryClass   = "astro-ph",
      SLACcitation   = "%%CITATION = ASTRO-PH/0301551;%%"
}

@article{Hindmarsh:2005ix,
      author         = "Hindmarsh, Mark and Philipsen, Owe",
      title          = "{WIMP dark matter and the QCD equation of state}",
      journal        = "Phys. Rev.",
      volume         = "D71",
      year           = "2005",
      pages          = "087302",
      doi            = "10.1103/PhysRevD.71.087302",
      eprint         = "hep-ph/0501232",
      archivePrefix  = "arXiv",
      primaryClass   = "hep-ph",
      reportNumber   = "MS-TP-05-1",
      SLACcitation   = "%%CITATION = HEP-PH/0501232;%%"
}

@article{Silveira:1985rk,
      author         = "Silveira, Vanda and Zee, A.",
      title          = "{SCALAR PHANTOMS}",
      journal        = "Phys. Lett.",
      volume         = "B161",
      year           = "1985",
      pages          = "136-140",
      doi            = "10.1016/0370-2693(85)90624-0",
      reportNumber   = "DOE-ER-40048-13 P5",
      SLACcitation   = "%%CITATION = PHLTA,B161,136;%%"
}

@article{McDonald:1993ex,
      author         = "McDonald, John",
      title          = "{Gauge singlet scalars as cold dark matter}",
      journal        = "Phys. Rev.",
      volume         = "D50",
      year           = "1994",
      pages          = "3637-3649",
      doi            = "10.1103/PhysRevD.50.3637",
      eprint         = "hep-ph/0702143",
      archivePrefix  = "arXiv",
      primaryClass   = "HEP-PH",
      reportNumber   = "IFM-13-93",
      SLACcitation   = "%%CITATION = HEP-PH/0702143;%%"
}

@article{Burgess:2000yq,
      author         = "Burgess, C. P. and Pospelov, Maxim and ter Veldhuis,
                        Tonnis",
      title          = "{The Minimal model of nonbaryonic dark matter: A Singlet
                        scalar}",
      journal        = "Nucl. Phys.",
      volume         = "B619",
      year           = "2001",
      pages          = "709-728",
      doi            = "10.1016/S0550-3213(01)00513-2",
      eprint         = "hep-ph/0011335",
      archivePrefix  = "arXiv",
      primaryClass   = "hep-ph",
      reportNumber   = "TPI-MINN-00-46, UMN-TH-1922-00, MCGILL-00-31,
                        IASSNS-HEP-00-83",
      SLACcitation   = "%%CITATION = HEP-PH/0011335;%%"
}

@article{Cirelli:2010xx,
      author         = "Cirelli, Marco and Corcella, Gennaro and Hektor, Andi and
                        Hutsi, Gert and Kadastik, Mario and Panci, Paolo and
                        Raidal, Martti and Sala, Filippo and Strumia, Alessandro",
      title          = "{PPPC 4 DM ID: A Poor Particle Physicist Cookbook for
                        Dark Matter Indirect Detection}",
      journal        = "JCAP",
      volume         = "1103",
      year           = "2011",
      pages          = "051",
      doi            = "10.1088/1475-7516/2012/10/E01,
                        10.1088/1475-7516/2011/03/051",
      note           = "[Erratum: JCAP1210,E01(2012)]",
      eprint         = "1012.4515",
      archivePrefix  = "arXiv",
      primaryClass   = "hep-ph",
      reportNumber   = "CERN-PH-TH-2010-057, SACLAY-T10-025, IFUP-TH-2010-44",
      SLACcitation   = "%%CITATION = ARXIV:1012.4515;%%"
}

@article{Braaten:1980yq,
      author         = "Braaten, E. and Leveille, J.P.",
      title          = "{Higgs Boson Decay and the Running Mass}",
      journal        = "Phys.Rev.",
      volume         = "D22",
      pages          = "715",
      doi            = "10.1103/PhysRevD.22.715",
      year           = "1980",
      reportNumber   = "COO-881-127",
      SLACcitation   = "%%CITATION = PHRVA,D22,715;%%",
}

@article{Drees:1990dq,
      author         = "Drees, Manuel and Hikasa, Kenichi",
      title          = "{Note on QCD corrections to hadronic Higgs decay}",
      journal        = "Phys.Lett.",
      volume         = "B240",
      pages          = "455",
      doi            = "10.1016/0370-2693(90)91130-4",
      year           = "1990",
      reportNumber   = "KEK-TH-243, KEK-PREPRINT-89-186, CERN-TH-5642-90",
      SLACcitation   = "%%CITATION = PHLTA,B240,455;%%",
}

@article{Savage:2008er,
      author         = "Savage, C. and Gelmini, G. and Gondolo, P. and Freese,
                        K.",
      title          = "{Compatibility of DAMA/LIBRA dark matter detection with
                        other searches}",
      journal        = "JCAP",
      volume         = "0904",
      year           = "2009",
      pages          = "010",
      doi            = "10.1088/1475-7516/2009/04/010",
      eprint         = "0808.3607",
      archivePrefix  = "arXiv",
      primaryClass   = "astro-ph",
      reportNumber   = "FTPI-MINN-08-34, MCTP-08-59",
      SLACcitation   = "%%CITATION = ARXIV:0808.3607;%%"
}

@article{Gondolo:2013wwa,
      author         = "Gondolo, Paolo and Scopel, Stefano",
      title          = "{On the sbottom resonance in dark matter scattering}",
      journal        = "JCAP",
      volume         = "1310",
      year           = "2013",
      pages          = "032",
      doi            = "10.1088/1475-7516/2013/10/032",
      eprint         = "1307.4481",
      archivePrefix  = "arXiv",
      primaryClass   = "hep-ph",
      reportNumber   = "CETUP2013-008",
      SLACcitation   = "%%CITATION = ARXIV:1307.4481;%%"
}

@article{Engel:1991wq,
      author         = "Engel, J.",
      title          = "{Nuclear form-factors for the scattering of weakly
                        interacting massive particles}",
      journal        = "Phys. Lett.",
      volume         = "B264",
      year           = "1991",
      pages          = "114-119",
      doi            = "10.1016/0370-2693(91)90712-Y",
      SLACcitation   = "%%CITATION = PHLTA,B264,114;%%"
}

@article{Fitzpatrick:2012ix,
      author         = "Fitzpatrick, A. Liam and Haxton, Wick and Katz, Emanuel
                        and Lubbers, Nicholas and Xu, Yiming",
      title          = "{The Effective Field Theory of Dark Matter Direct
                        Detection}",
      journal        = "JCAP",
      volume         = "1302",
      year           = "2013",
      pages          = "004",
      doi            = "10.1088/1475-7516/2013/02/004",
      eprint         = "1203.3542",
      archivePrefix  = "arXiv",
      primaryClass   = "hep-ph",
      SLACcitation   = "%%CITATION = ARXIV:1203.3542;%%"
}

@article{Olive:2016xmw,
      author         = "Patrignani, C. and others",
      title          = "{Review of Particle Physics}",
      collaboration  = "Particle Data Group",
      journal        = "Chin. Phys.",
      volume         = "C40",
      year           = "2016",
      number         = "10",
      pages          = "100001",
      doi            = "10.1088/1674-1137/40/10/100001",
      SLACcitation   = "%%CITATION = CHPHD,C40,100001;%%"
}

@article{Anand:2014kea,
      author         = "Anand, Nikhil and Fitzpatrick, A. Liam and Haxton, W. C.",
      title          = "{Model-independent Analyses of Dark-Matter Particle
                        Interactions}",
      booktitle      = "{Proceedings, 13th International Conference on Topics in
                        Astroparticle and Underground Physics (TAUP 2013):
                        Asilomar, California, September 8-13, 2013}",
      journal        = "Phys. Procedia",
      volume         = "61",
      year           = "2015",
      pages          = "97-106",
      doi            = "10.1016/j.phpro.2014.12.017",
      eprint         = "1405.6690",
      archivePrefix  = "arXiv",
      primaryClass   = "nucl-th",
      SLACcitation   = "%%CITATION = ARXIV:1405.6690;%%"
}

@article{Dittmaier:2011ti,
      author         = "Dittmaier, S. and others",
      title          = "{Handbook of LHC Higgs Cross Sections: 1. Inclusive
                        Observables}",
      collaboration  = "LHC Higgs Cross Section Working Group",
      doi            = "10.5170/CERN-2011-002",
      year           = "2011",
      eprint         = "1101.0593",
      archivePrefix  = "arXiv",
      primaryClass   = "hep-ph",
      reportNumber   = "CERN-2011-002",
      SLACcitation   = "%%CITATION = ARXIV:1101.0593;%%"
}

@mastersthesis{Ilisie:2011,
      author         = "Ilisie, Victor",
      title          = "{S.M. Higgs Decay and Production Channels}",
      school         = "Valencia U.",
      year           = "2011",
      url            = "http://ific.uv.es/lhcpheno/PhDthesis/master_vilisie.pdf"
}

@article{Aaboud:2016wna,
      author         = "Aaboud, Morad and others",
      title          = "{Dark matter interpretations of ATLAS searches for the
                        electroweak production of supersymmetric particles in $
                        \sqrt{s}=8 $ TeV proton-proton collisions}",
      collaboration  = "ATLAS",
      journal        = "JHEP",
      volume         = "09",
      year           = "2016",
      pages          = "175",
      doi            = "10.1007/JHEP09(2016)175",
      eprint         = "1608.00872",
      archivePrefix  = "arXiv",
      primaryClass   = "hep-ex",
      reportNumber   = "CERN-EP-2016-165",
      SLACcitation   = "%%CITATION = ARXIV:1608.00872;%%"
}

@article{Khachatryan:2016nvf,
      author         = "Khachatryan, Vardan and others",
      title          = "{Phenomenological MSSM interpretation of CMS searches in
                        pp collisions at sqrt(s) = 7 and 8 TeV}",
      collaboration  = "CMS",
      journal        = "JHEP",
      volume         = "10",
      year           = "2016",
      pages          = "129",
      doi            = "10.1007/JHEP10(2016)129",
      eprint         = "1606.03577",
      archivePrefix  = "arXiv",
      primaryClass   = "hep-ex",
      reportNumber   = "CMS-SUS-15-010, CERN-EP-2016-094",
      SLACcitation   = "%%CITATION = ARXIV:1606.03577;%%"
}

@article{Ciafaloni:2010ti,
      author         = "Ciafaloni, Paolo and Comelli, Denis and Riotto, Antonio
                        and Sala, Filippo and Strumia, Alessandro and Urbano,
                        Alfredo",
      title          = "{Weak Corrections are Relevant for Dark Matter Indirect
                        Detection}",
      journal        = "JCAP",
      volume         = "1103",
      year           = "2011",
      pages          = "019",
      doi            = "10.1088/1475-7516/2011/03/019",
      eprint         = "1009.0224",
      archivePrefix  = "arXiv",
      primaryClass   = "hep-ph",
      reportNumber   = "IFUP-TH-2010-24, CERN-PH-TH-2010-179",
      SLACcitation   = "%%CITATION = ARXIV:1009.0224;%%"
}

@article{Hahn:2006hr,
      author         = "Hahn, T.",
      title          = "{Routines for the diagonalization of complex matrices}",
      year           = "2006",
      eprint         = "physics/0607103",
      archivePrefix  = "arXiv",
      primaryClass   = "physics",
      reportNumber   = "MPP-2006-85",
      SLACcitation   = "%%CITATION = PHYSICS/0607103;%%"
}

@BOOK{1983qspa.book.....P,
   author = {{Piessens}, R. and {de Doncker-Kapenga}, E. and {Ueberhuber}, C.~W.
	},
    title = "{Quadpack. A subroutine package for automatic integration}",
booktitle = {Springer Series in Computational Mathematics, Berlin: Springer, 1983},
     year = 1983,
   adsurl = {http://adsabs.harvard.edu/abs/1983qspa.book.....P},
  adsnote = {Provided by the SAO/NASA Astrophysics Data System}
}


@article{Serenelli:2009yc,
      author         = "Serenelli, Aldo and Basu, Sarbani and Ferguson, Jason W.
                        and Asplund, Martin",
      title          = "{New Solar Composition: The Problem With Solar Models
                        Revisited}",
      journal        = "Astrophys. J.",
      volume         = "705",
      year           = "2009",
      pages          = "L123-L127",
      doi            = "10.1088/0004-637X/705/2/L123",
      eprint         = "0909.2668",
      archivePrefix  = "arXiv",
      primaryClass   = "astro-ph.SR",
      SLACcitation   = "%%CITATION = ARXIV:0909.2668;%%"
}

@article{Drees:2015exa,
      author         = "Drees, Manuel and Hajkarim, Fazlollah and Schmitz, Ernany
                        Rossi",
      title          = "{The Effects of QCD Equation of State on the Relic
                        Density of WIMP Dark Matter}",
      journal        = "JCAP",
      volume         = "1506",
      year           = "2015",
      number         = "06",
      pages          = "025",
      doi            = "10.1088/1475-7516/2015/06/025",
      eprint         = "1503.03513",
      archivePrefix  = "arXiv",
      primaryClass   = "hep-ph",
      SLACcitation   = "%%CITATION = ARXIV:1503.03513;%%"
}

@misc{Edsjo:2007ws,
      author         = "Edsj{\"o}, Joakim",
      title          = "{WimpSim Neutrino Monte Carlo}",
      year           = "2007",
      howpublished   = {\url{http://www.fysik.su.se/~edsjo/wimpsim/}}
}

@misc{Edsjo:2007ns,
      author         = "Edsj{\"o}, Joakim",
      title          = "{NuSigma Neutrino Interaction Monte Carlo}",
      year           = "2007",
      howpublished   = {\url{http://www.fysik.su.se/~edsjo/wimpsim/}}
}

@article{Blennow:2007tw,
      author         = "Blennow, Mattias and Edsj{\"o}, Joakim and Ohlsson, Tommy",
      title          = "{Neutrinos from WIMP annihilations using a full
                        three-flavor Monte Carlo}",
      journal        = "JCAP",
      volume         = "0801",
      year           = "2008",
      pages          = "021",
      doi            = "10.1088/1475-7516/2008/01/021",
      eprint         = "0709.3898",
      archivePrefix  = "arXiv",
      primaryClass   = "hep-ph",
      SLACcitation   = "%%CITATION = ARXIV:0709.3898;%%"
}

@ARTICLE{1965TrAlm...5...87E,
   author = {{Einasto}, J.},
    title = "{On the Construction of a Composite Model for the Galaxy and on the Determination of the System of Galactic Parameters}",
  journal = {Trudy Astrofizicheskogo Instituta Alma-Ata},
     year = 1965,
   volume = 5,
    pages = {87-100},
   adsurl = {http://adsabs.harvard.edu/abs/1965TrAlm...5...87E},
  adsnote = {Provided by the SAO/NASA Astrophysics Data System}
}

@article{Navarro:1995iw,
      author         = "Navarro, Julio F. and Frenk, Carlos S. and White, Simon
                        D. M.",
      title          = "{The Structure of cold dark matter halos}",
      journal        = "Astrophys. J.",
      volume         = "462",
      year           = "1996",
      pages          = "563-575",
      doi            = "10.1086/177173",
      eprint         = "astro-ph/9508025",
      archivePrefix  = "arXiv",
      primaryClass   = "astro-ph",
      SLACcitation   = "%%CITATION = ASTRO-PH/9508025;%%"
}

@ARTICLE{1991ApJ...368..610G,
   author = {{Gould}, A.},
    title = "{Gravitational diffusion of solar system WIMPs}",
  journal = {Astrophys. J.},
 keywords = {Elementary Particle Interactions, Gravitational Effects, Solar System, Weak Energy Interactions, Computational Astrophysics, Earth (Planet), Jupiter (Planet), Orbital Resonances (Celestial Mechanics), Venus (Planet)},
     year = 1991,
    month = feb,
   volume = 368,
    pages = {610-615},
      doi = {10.1086/169726},
   adsurl = {http://adsabs.harvard.edu/abs/1991ApJ...368..610G},
  adsnote = {Provided by the SAO/NASA Astrophysics Data System}
}

@misc{nufitonline,
      author         = "Esteban, Ivan and Gonzalez-Garcia, M. C. and Maltoni, Michele and Martinez-Soler, Ivan and Schwetz, Thomas",
      title          = "{NuFIT 3.0}",
      year           = "2016",
      howpublished   = {\url{http://www.nu-fit.org/}}
}

@ARTICLE{IC22Methods,
   author = {{Scott}, P. and {Savage}, C. and {Edsj{\"o}}, J. and {the IceCube Collaboration: R.~Abbasi et al.}},
    title = "{Use of event-level neutrino telescope data in global fits for theories of new physics}",
archivePrefix = "arXiv",
   eprint = {1207.0810},
 primaryClass = "hep-ph",
 keywords = {High Energy Physics - Phenomenology, Astrophysics - Cosmology and Extragalactic Astrophysics, High Energy Physics - Experiment, Physics - Data Analysis, Statistics and Probability},
     year = 2012,
    month = nov,
   volume = {11},
  journal = {JCAP},
    pages = {57},
      doi = {10.1088/1475-7516/2012/11/057},
}

@ARTICLE{IC79_SUSY,
collaboration = {IceCube Collaboration},
   author = {{Aartsen}, M.~G. and others},
    title = "{Improved limits on dark matter annihilation in the Sun with the 79-string IceCube detector and implications for supersymmetry}",
  journal = {JCAP},
  volume = {04},
  pages = {022},
archivePrefix = "arXiv",
   eprint = {1601.00653},
 primaryClass = "hep-ph",
 keywords = {High Energy Physics - Phenomenology, Astrophysics - Cosmology and Nongalactic Astrophysics, High Energy Physics - Experiment},
     year = 2016,
    month = jan,
   adsurl = {http://adsabs.harvard.edu/abs/2016arXiv160100653I},
  adsnote = {Provided by the SAO/NASA Astrophysics Data System}
}

@article{Athron:2017qdc,
      author         = "Athron, Peter and others",
      title          = "{Global fits of GUT-scale SUSY models with GAMBIT}",
      collaboration  = "GAMBIT",
      journal        = "Eur. Phys. J.",
      volume         = "C77",
      year           = "2017",
      number         = "12",
      pages          = "824",
      doi            = "10.1140/epjc/s10052-017-5167-0",
      eprint         = "1705.07935",
      archivePrefix  = "arXiv",
      primaryClass   = "hep-ph",
      reportNumber   = "COEPP-MN-17-9",
      SLACcitation   = "%%CITATION = ARXIV:1705.07935;%%"
}

@article{Athron:2017yua,
      author         = "Athron, Peter and others",
      title          = "{A global fit of the MSSM with GAMBIT}",
      collaboration  = "GAMBIT",
      year           = "2017",
      eprint         = "1705.07917",
      archivePrefix  = "arXiv",
      primaryClass   = "hep-ph",
      reportNumber   = "COEPP-MN-17-11",
      SLACcitation   = "%%CITATION = ARXIV:1705.07917;%%"
}

@article{Bringmann:2012ez,
      author         = "Bringmann, Torsten and Weniger, Christoph",
      title          = "{Gamma Ray Signals from Dark Matter: Concepts, Status and
                        Prospects}",
      journal        = "Phys. Dark Univ.",
      volume         = "1",
      year           = "2012",
      pages          = "194-217",
      doi            = "10.1016/j.dark.2012.10.005",
      eprint         = "1208.5481",
      archivePrefix  = "arXiv",
      primaryClass   = "hep-ph",
      SLACcitation   = "%%CITATION = ARXIV:1208.5481;%%"
}

@article{Fukushima:2012sp,
      author         = "Fukushima, Keita and Gao, Yu and Kumar, Jason and
                        Marfatia, Danny",
      title          = "{Bremsstrahlung signatures of dark matter annihilation in
                        the Sun}",
      journal        = "Phys. Rev.",
      volume         = "D86",
      year           = "2012",
      pages          = "076014",
      doi            = "10.1103/PhysRevD.86.076014",
      eprint         = "1208.1010",
      archivePrefix  = "arXiv",
      primaryClass   = "hep-ph",
      reportNumber   = "UH511-1198-12, CETUP*-12-010",
      SLACcitation   = "%%CITATION = ARXIV:1208.1010;%%"
}

@article{Ibarra:2013eba,
      author         = "Ibarra, Alejandro and Totzauer, Maximilian and Wild,
                        Sebastian",
      title          = "{High-energy neutrino signals from the Sun in dark matter
                        scenarios with internal bremsstrahlung}",
      journal        = "JCAP",
      volume         = "1312",
      year           = "2013",
      pages          = "043",
      doi            = "10.1088/1475-7516/2013/12/043",
      eprint         = "1311.1418",
      archivePrefix  = "arXiv",
      primaryClass   = "hep-ph",
      SLACcitation   = "%%CITATION = ARXIV:1311.1418;%%"
}

@article{Ibarra:2014vya,
      author         = "Ibarra, Alejandro and Totzauer, Maximilian and Wild,
                        Sebastian",
      title          = "{Higher order dark matter annihilations in the Sun and
                        implications for IceCube}",
      journal        = "JCAP",
      volume         = "1404",
      year           = "2014",
      pages          = "012",
      doi            = "10.1088/1475-7516/2014/04/012",
      eprint         = "1402.4375",
      archivePrefix  = "arXiv",
      primaryClass   = "hep-ph",
      SLACcitation   = "%%CITATION = ARXIV:1402.4375;%%"
}

@article{Arina:2014fna,
      author         = "Arina, Chiara and Bringmann, Torsten and Silk, Joseph and
                        Vollmann, Martin",
      title          = "{Enhanced Line Signals from Annihilating Kaluza-Klein
                        Dark Matter}",
      journal        = "Phys. Rev.",
      volume         = "D90",
      year           = "2014",
      number         = "8",
      pages          = "083506",
      doi            = "10.1103/PhysRevD.90.083506",
      eprint         = "1409.0007",
      archivePrefix  = "arXiv",
      primaryClass   = "hep-ph",
      SLACcitation   = "%%CITATION = ARXIV:1409.0007;%%"
}

@article{Griest:1990kh,
      author         = "Griest, Kim and Seckel, David",
      title          = "{Three exceptions in the calculation of relic
                        abundances}",
      journal        = "Phys. Rev.",
      volume         = "D43",
      year           = "1991",
      pages          = "3191-3203",
      doi            = "10.1103/PhysRevD.43.3191",
      reportNumber   = "CFPA-TH-90-001A, BA-90-79",
      SLACcitation   = "%%CITATION = PHRVA,D43,3191;%%"
}

@article{Schael:2006fd,
      author         = "Schael, S. and others",
      title          = "{Deuteron and anti-deuteron production in e+ e-
                        collisions at the Z resonance}",
      collaboration  = "ALEPH",
      journal        = "Phys. Lett.",
      volume         = "B639",
      year           = "2006",
      pages          = "192-201",
      doi            = "10.1016/j.physletb.2006.06.043",
      eprint         = "hep-ex/0604023",
      archivePrefix  = "arXiv",
      primaryClass   = "hep-ex",
      reportNumber   = "CERN-PH-EP-2006-009",
      SLACcitation   = "%%CITATION = HEP-EX/0604023;%%"
}

@article{Skands:2003cj,
      author         = "Skands, Peter Z. and others",
      title          = "{SUSY Les Houches accord: Interfacing SUSY spectrum
                        calculators, decay packages, and event generators}",
      journal        = "JHEP",
      volume         = "07",
      year           = "2004",
      pages          = "036",
      doi            = "10.1088/1126-6708/2004/07/036",
      eprint         = "hep-ph/0311123",
      archivePrefix  = "arXiv",
      primaryClass   = "hep-ph",
      reportNumber   = "LU-TP-03-39, SHEP-03-24, CERN-TH-2003-204, ZU-TH-15-03,
                        LMU-19-03, DCPT-03-108, IPPP-03-54, CTS-IISC-2003-07,
                        DESY-03-166, MPP-2003-111",
      SLACcitation   = "%%CITATION = HEP-PH/0311123;%%"
}

@article{Allanach:2008qq,
      author         = "Allanach, B. C. and others",
      title          = "{SUSY Les Houches Accord 2}",
      journal        = "Comput. Phys. Commun.",
      volume         = "180",
      year           = "2009",
      pages          = "8-25",
      doi            = "10.1016/j.cpc.2008.08.004",
      eprint         = "0801.0045",
      archivePrefix  = "arXiv",
      primaryClass   = "hep-ph",
      reportNumber   = "FERMILAB-PUB-07-036-T, SLAC-PUB-12765,
                        CERN-PH-TH-2007-148, DAMTP-2007-76, EDINBURGH-2007-31,
                        KEK-TH-1170, LAPTH-1204-07, LPT-ORSAY-07-81, SHEP-07-13",
      SLACcitation   = "%%CITATION = ARXIV:0801.0045;%%"
}

@article{Hahn:2006nq,
      author         = "Hahn, T.",
      title          = "{SUSY Les Houches Accord 2 I/O made easy}",
      journal        = "Comput. Phys. Commun.",
      volume         = "180",
      year           = "2009",
      pages          = "1681-1693",
      doi            = "10.1016/j.cpc.2009.03.012",
      eprint         = "hep-ph/0605049",
      archivePrefix  = "arXiv",
      primaryClass   = "hep-ph",
      reportNumber   = "MPP-2006-46",
      SLACcitation   = "%%CITATION = HEP-PH/0605049;%%"
}

@article{Belanger:2013oya,
      author         = "Belanger, G. and Boudjema, F. and Pukhov, A. and Semenov,
                        A.",
      title          = "{micrOMEGAs\_3: A program for calculating dark matter
                        observables}",
      journal        = "Comput. Phys. Commun.",
      volume         = "185",
      year           = "2014",
      pages          = "960-985",
      doi            = "10.1016/j.cpc.2013.10.016",
      eprint         = "1305.0237",
      archivePrefix  = "arXiv",
      primaryClass   = "hep-ph",
      reportNumber   = "LAPTH-023-13",
      SLACcitation   = "%%CITATION = ARXIV:1305.0237;%%"
}

@article{Athron:2017ard,
      author         = "Athron, Peter and others",
      title          = "{GAMBIT: the global and modular beyond-the-standard-model
                        inference tool}",
      collaboration  = "GAMBIT",
      journal        = "Eur. Phys. J.",
      volume         = "C77",
      year           = "2017",
      number         = "11",
      pages          = "784",
      doi            = "10.1140/epjc/s10052-017-5321-8",
      eprint         = "1705.07908",
      archivePrefix  = "arXiv",
      primaryClass   = "hep-ph",
      reportNumber   = "COEPP-MN-17-6, CERN-TH-2017-166, NORDITA-2017-074",
      SLACcitation   = "%%CITATION = ARXIV:1705.07908;%%"
}

@article{Workgroup:2017lvb,
      author         = "Bringmann, Torsten and others",
      title          = "{DarkBit: A GAMBIT module for computing dark matter
                        observables and likelihoods}",
      journal        = "Eur. Phys. J.",
      volume         = "C77",
      year           = "2017",
      number         = "12",
      pages          = "831",
      doi            = "10.1140/epjc/s10052-017-5155-4",
      eprint         = "1705.07920",
      archivePrefix  = "arXiv",
      primaryClass   = "hep-ph",
      SLACcitation   = "%%CITATION = ARXIV:1705.07920;%%"
}

@article{Balazs:2017moi,
      author         = "Balázs, Csaba and others",
      title          = "{ColliderBit: a GAMBIT module for the calculation of
                        high-energy collider observables and likelihoods}",
      collaboration  = "GAMBIT",
      journal        = "Eur. Phys. J.",
      volume         = "C77",
      year           = "2017",
      number         = "11",
      pages          = "795",
      doi            = "10.1140/epjc/s10052-017-5285-8",
      eprint         = "1705.07919",
      archivePrefix  = "arXiv",
      primaryClass   = "hep-ph",
      SLACcitation   = "%%CITATION = ARXIV:1705.07919;%%"
}

@article{Aad:2014wea,
      author         = "Aad, Georges and others",
      title          = "{Search for squarks and gluinos with the ATLAS detector
                        in final states with jets and missing transverse momentum
                        using $\sqrt{s}=8$ TeV proton--proton collision data}",
      collaboration  = "ATLAS",
      journal        = "JHEP",
      volume         = "09",
      year           = "2014",
      pages          = "176",
      doi            = "10.1007/JHEP09(2014)176",
      eprint         = "1405.7875",
      archivePrefix  = "arXiv",
      primaryClass   = "hep-ex",
      reportNumber   = "CERN-PH-EP-2014-093",
      SLACcitation   = "%%CITATION = ARXIV:1405.7875;%%"
}

@article{Workgroup:2017myk,
      author         = "Bernlochner, Florian U. and others",
      title          = "{FlavBit: A GAMBIT module for computing flavour
                        observables and likelihoods}",
      collaboration  = "The GAMBIT Flavour Workgroup",
      journal        = "Eur. Phys. J.",
      volume         = "C77",
      year           = "2017",
      number         = "11",
      pages          = "786",
      doi            = "10.1140/epjc/s10052-017-5157-2",
      eprint         = "1705.07933",
      archivePrefix  = "arXiv",
      primaryClass   = "hep-ph",
      reportNumber   = "CERN-TH-2017-167, NORDITA-2017-077",
      SLACcitation   = "%%CITATION = ARXIV:1705.07933;%%"
}

@article{Lees:2012wg,
      author         = "Lees, J. P. and others",
      title          = "{Exclusive Measurements of $b \to s\gamma$ Transition
                        Rate and Photon Energy Spectrum}",
      collaboration  = "BaBar",
      journal        = "Phys. Rev.",
      volume         = "D86",
      year           = "2012",
      pages          = "052012",
      doi            = "10.1103/PhysRevD.86.052012",
      eprint         = "1207.2520",
      archivePrefix  = "arXiv",
      primaryClass   = "hep-ex",
      reportNumber   = "BABAR-PUB-11-027, SLAC-PUB-15135",
      SLACcitation   = "%%CITATION = ARXIV:1207.2520;%%"
}

@article{Lees:2012ym,
      author         = "Lees, J. P. and others",
      title          = "{Precision Measurement of the $B \to X_s \gamma$ Photon
                        Energy Spectrum, Branching Fraction, and Direct CP
                        Asymmetry $A_{CP}(B \to X_{s+d}\gamma)$}",
      collaboration  = "BaBar",
      journal        = "Phys. Rev. Lett.",
      volume         = "109",
      year           = "2012",
      pages          = "191801",
      doi            = "10.1103/PhysRevLett.109.191801",
      eprint         = "1207.2690",
      archivePrefix  = "arXiv",
      primaryClass   = "hep-ex",
      reportNumber   = "SLAC-PUB-15180",
      SLACcitation   = "%%CITATION = ARXIV:1207.2690;%%"
}

@inproceedings{Belle:2016ufb,
      author         = "Abdesselam, A. and others",
      title          = "{Measurement of the inclusive $B\to X_{s+d} \gamma$
                        branching fraction, photon energy spectrum and HQE
                        parameters}",
      booktitle      = "{Proceedings, 38th International Conference on High
                        Energy Physics (ICHEP 2016): Chicago, IL, USA, August
                        3-10, 2016}",
      collaboration  = "Belle",
      url            = "https://inspirehep.net/record/1479946/files/arXiv:1608.02344.pdf",
      year           = "2016",
      eprint         = "1608.02344",
      archivePrefix  = "arXiv",
      primaryClass   = "hep-ex",
      SLACcitation   = "%%CITATION = ARXIV:1608.02344;%%"
}

@article{Aaij:2017vad,
      author         = "Aaij, Roel and others",
      title          = "{Measurement of the $B^0_s\to\mu^+\mu^-$ branching
                        fraction and effective lifetime and search for
                        $B^0\to\mu^+\mu^-$ decays}",
      collaboration  = "LHCb",
      journal        = "Phys. Rev. Lett.",
      volume         = "118",
      year           = "2017",
      number         = "19",
      pages          = "191801",
      doi            = "10.1103/PhysRevLett.118.191801",
      eprint         = "1703.05747",
      archivePrefix  = "arXiv",
      primaryClass   = "hep-ex",
      reportNumber   = "CERN-EP-2017-041, LHCB-PAPER-2017-001",
      SLACcitation   = "%%CITATION = ARXIV:1703.05747;%%"
}

@article{Moroi:1995yh,
      author         = "Moroi, Takeo",
      title          = "{The Muon anomalous magnetic dipole moment in the minimal
                        supersymmetric standard model}",
      journal        = "Phys. Rev.",
      volume         = "D53",
      year           = "1996",
      pages          = "6565-6575",
      doi            = "10.1103/PhysRevD.53.6565, 10.1103/PhysRevD.56.4424",
      note           = "[Erratum: Phys. Rev.D56,4424(1997)]",
      eprint         = "hep-ph/9512396",
      archivePrefix  = "arXiv",
      primaryClass   = "hep-ph",
      reportNumber   = "LBL-38099",
      SLACcitation   = "%%CITATION = HEP-PH/9512396;%%"
}

@article{Workgroup:2017bkh,
      author         = "Athron, Peter and others",
      title          = "{SpecBit, DecayBit and PrecisionBit: GAMBIT modules for
                        computing mass spectra, particle decay rates and precision
                        observables}",
      collaboration  = "GAMBIT",
      year           = "2017",
      eprint         = "1705.07936",
      archivePrefix  = "arXiv",
      primaryClass   = "hep-ph",
      reportNumber   = "COEPP-MN-17-7",
      SLACcitation   = "%%CITATION = ARXIV:1705.07936;%%"
}

@article{Bennett:2006fi,
      author         = "Bennett, G. W. and others",
      title          = "{Final Report of the Muon E821 Anomalous Magnetic Moment
                        Measurement at BNL}",
      collaboration  = "Muon g-2",
      journal        = "Phys. Rev.",
      volume         = "D73",
      year           = "2006",
      pages          = "072003",
      doi            = "10.1103/PhysRevD.73.072003",
      eprint         = "hep-ex/0602035",
      archivePrefix  = "arXiv",
      primaryClass   = "hep-ex",
      SLACcitation   = "%%CITATION = HEP-EX/0602035;%%"
}

@article{Esteban:2016qun,
      author         = "Esteban, Ivan and Gonzalez-Garcia, M. C. and Maltoni,
                        Michele and Martinez-Soler, Ivan and Schwetz, Thomas",
      title          = "{Updated fit to three neutrino mixing: exploring the
                        accelerator-reactor complementarity}",
      journal        = "JHEP",
      volume         = "01",
      year           = "2017",
      pages          = "087",
      doi            = "10.1007/JHEP01(2017)087",
      eprint         = "1611.01514",
      archivePrefix  = "arXiv",
      primaryClass   = "hep-ph",
      reportNumber   = "IFT-UAM-CSIC-16-114, YITP-SB-16-45",
      SLACcitation   = "%%CITATION = ARXIV:1611.01514;%%"
}

@article{Ade:2015xua,
      author         = "Ade, P. A. R. and others",
      title          = "{Planck 2015 results. XIII. Cosmological parameters}",
      collaboration  = "Planck",
      journal        = "Astron. Astrophys.",
      volume         = "594",
      year           = "2016",
      pages          = "A13",
      doi            = "10.1051/0004-6361/201525830",
      eprint         = "1502.01589",
      archivePrefix  = "arXiv",
      primaryClass   = "astro-ph.CO",
      SLACcitation   = "%%CITATION = ARXIV:1502.01589;%%"
}

@article{Zhao:1995cp,
      author         = "Zhao, HongSheng",
      title          = "{Analytical models for galactic nuclei}",
      journal        = "Mon. Not. Roy. Astron. Soc.",
      volume         = "278",
      year           = "1996",
      pages          = "488-496",
      doi            = "10.1093/mnras/278.2.488",
      eprint         = "astro-ph/9509122",
      archivePrefix  = "arXiv",
      primaryClass   = "astro-ph",
      reportNumber   = "MPA-885",
      SLACcitation   = "%%CITATION = ASTRO-PH/9509122;%%"
}

@article{Bechtle:2008jh,
      author         = "Bechtle, Philip and Brein, Oliver and Heinemeyer, Sven
                        and Weiglein, Georg and Williams, Karina E.",
      title          = "{HiggsBounds: Confronting Arbitrary Higgs Sectors with
                        Exclusion Bounds from LEP and the Tevatron}",
      journal        = "Comput. Phys. Commun.",
      volume         = "181",
      year           = "2010",
      pages          = "138-167",
      doi            = "10.1016/j.cpc.2009.09.003",
      eprint         = "0811.4169",
      archivePrefix  = "arXiv",
      primaryClass   = "hep-ph",
      reportNumber   = "DCPT-08-172, IPPP-08-86, BONN-TH-2008-17",
      SLACcitation   = "%%CITATION = ARXIV:0811.4169;%%"
}

@article{Bechtle:2013xfa,
      author         = "Bechtle, Philip and Heinemeyer, Sven and Stål, Oscar and
                        Stefaniak, Tim and Weiglein, Georg",
      title          = "{$HiggsSignals$: Confronting arbitrary Higgs sectors with
                        measurements at the Tevatron and the LHC}",
      journal        = "Eur. Phys. J.",
      volume         = "C74",
      year           = "2014",
      number         = "2",
      pages          = "2711",
      doi            = "10.1140/epjc/s10052-013-2711-4",
      eprint         = "1305.1933",
      archivePrefix  = "arXiv",
      primaryClass   = "hep-ph",
      reportNumber   = "BONN-TH-2013-07, DESY-13-078",
      SLACcitation   = "%%CITATION = ARXIV:1305.1933;%%"
}

@article{Mahmoudi:2007vz,
      author         = "Mahmoudi, F.",
      title          = "{SuperIso: A Program for calculating the isospin
                        asymmetry of B ---> K* gamma in the MSSM}",
      journal        = "Comput. Phys. Commun.",
      volume         = "178",
      year           = "2008",
      pages          = "745-754",
      doi            = "10.1016/j.cpc.2007.12.006",
      eprint         = "0710.2067",
      archivePrefix  = "arXiv",
      primaryClass   = "hep-ph",
      SLACcitation   = "%%CITATION = ARXIV:0710.2067;%%"
}

@article{Maccio:2008pcd,
      author         = "Maccio', Andrea V. and Dutton, Aaron A. and Bosch, Frank
                        C. van den",
      title          = "{Concentration, Spin and Shape of Dark Matter Haloes as a
                        Function of the Cosmological Model: WMAP1, WMAP3 and WMAP5
                        results}",
      journal        = "Mon. Not. Roy. Astron. Soc.",
      volume         = "391",
      year           = "2008",
      pages          = "1940-1954",
      doi            = "10.1111/j.1365-2966.2008.14029.x",
      eprint         = "0805.1926",
      archivePrefix  = "arXiv",
      primaryClass   = "astro-ph",
      SLACcitation   = "%%CITATION = ARXIV:0805.1926;%%"
}

@article{Schaye:2014tpa,
      author         = "Schaye, Joop and others",
      title          = "{The EAGLE project: Simulating the evolution and assembly
                        of galaxies and their environments}",
      journal        = "Mon. Not. Roy. Astron. Soc.",
      volume         = "446",
      year           = "2015",
      pages          = "521-554",
      doi            = "10.1093/mnras/stu2058",
      eprint         = "1407.7040",
      archivePrefix  = "arXiv",
      primaryClass   = "astro-ph.GA",
      SLACcitation   = "%%CITATION = ARXIV:1407.7040;%%"
}

@article{Schaller:2014uwa,
      author         = "Schaller, Matthieu and Frenk, Carlos S. and Bower,
                        Richard G. and Theuns, Tom and Jenkins, Adrian and Schaye,
                        Joop and Crain, Robert A. and Furlong, Michelle and
                        Vecchia, Claudio Dalla and McCarthy, I. G.",
      title          = "{Baryon effects on the internal structure of $\Lambda$CDM haloes
                        in the EAGLE simulations}",
      journal        = "Mon. Not. Roy. Astron. Soc.",
      volume         = "451",
      year           = "2015",
      number         = "2",
      pages          = "1247-1267",
      doi            = "10.1093/mnras/stv1067",
      eprint         = "1409.8617",
      archivePrefix  = "arXiv",
      primaryClass   = "astro-ph.CO",
      SLACcitation   = "%%CITATION = ARXIV:1409.8617;%%"
}

@article{Wang:2015jpa,
      author         = "Wang, Liang and Dutton, Aaron A. and Stinson, Gregory S.
                        and Macciò, Andrea V. and Penzo, Camilla and Kang, Xi and
                        Keller, Ben W. and Wadsley, James",
      title          = "{NIHAO project – I. Reproducing the inefficiency of
                        galaxy formation across cosmic time with a large sample of
                        cosmological hydrodynamical simulations}",
      journal        = "Mon. Not. Roy. Astron. Soc.",
      volume         = "454",
      year           = "2015",
      number         = "1",
      pages          = "83-94",
      doi            = "10.1093/mnras/stv1937",
      eprint         = "1503.04818",
      archivePrefix  = "arXiv",
      primaryClass   = "astro-ph.GA",
      SLACcitation   = "%%CITATION = ARXIV:1503.04818;%%"
}

@article{Tollet:2015gqa,
      author         = "Tollet, Edouard and others",
      title          = "{NIHAO – IV: core creation and destruction in dark
                        matter density profiles across cosmic time}",
      journal        = "Mon. Not. Roy. Astron. Soc.",
      volume         = "456",
      year           = "2016",
      number         = "4",
      pages          = "3542-3552",
      doi            = "10.1093/mnras/stv2856",
      eprint         = "1507.03590",
      archivePrefix  = "arXiv",
      primaryClass   = "astro-ph.GA",
      SLACcitation   = "%%CITATION = ARXIV:1507.03590;%%"
}

@article{Belanger:2012zr,
      author         = "Belanger, Genevieve and Kannike, Kristjan and Pukhov,
                        Alexander and Raidal, Martti",
      title          = "{$Z_3$ Scalar Singlet Dark Matter}",
      journal        = "JCAP",
      volume         = "1301",
      year           = "2013",
      pages          = "022",
      doi            = "10.1088/1475-7516/2013/01/022",
      eprint         = "1211.1014",
      archivePrefix  = "arXiv",
      primaryClass   = "hep-ph",
      reportNumber   = "LAPTH-049-12",
      SLACcitation   = "%%CITATION = ARXIV:1211.1014;%%"
}

@article{Choi:2015bya,
      author         = "Choi, Soo-Min and Lee, Hyun Min",
      title          = "{SIMP dark matter with gauged Z$_{3}$ symmetry}",
      journal        = "JHEP",
      volume         = "09",
      year           = "2015",
      pages          = "063",
      doi            = "10.1007/JHEP09(2015)063",
      eprint         = "1505.00960",
      archivePrefix  = "arXiv",
      primaryClass   = "hep-ph",
      SLACcitation   = "%%CITATION = ARXIV:1505.00960;%%"
}

@article{Ko:2014nha,
      author         = "Ko, P. and Tang, Y.",
      title          = "{Self-interacting scalar dark matter with local $Z_3$
                        symmetry}",
      journal        = "JCAP",
      volume         = "1405",
      year           = "2014",
      pages          = "047",
      doi            = "10.1088/1475-7516/2014/05/047",
      eprint         = "1402.6449",
      archivePrefix  = "arXiv",
      primaryClass   = "hep-ph",
      reportNumber   = "KIAS-P14010",
      SLACcitation   = "%%CITATION = ARXIV:1402.6449;%%"
}

@article{Belanger:2014bga,
      author         = "Bélanger, Geneviève and Kannike, Kristjan and Pukhov,
                        Alexander and Raidal, Martti",
      title          = "{Minimal semi-annihilating $\mathbb{Z}_N$ scalar dark
                        matter}",
      journal        = "JCAP",
      volume         = "1406",
      year           = "2014",
      pages          = "021",
      doi            = "10.1088/1475-7516/2014/06/021",
      eprint         = "1403.4960",
      archivePrefix  = "arXiv",
      primaryClass   = "hep-ph",
      reportNumber   = "LAPTH-017-14",
      SLACcitation   = "%%CITATION = ARXIV:1403.4960;%%"
}

@article{Burkert:1995yz,
      author         = "Burkert, A.",
      title          = "{The Structure of dark matter halos in dwarf galaxies}",
      booktitle      = "{IAU Symposium 171: New Light on Galaxy Evolution
                        Heidelberg, Germany, June 26-30, 1995}",
      journal        = "IAU Symp.",
      volume         = "171",
      year           = "1996",
      pages          = "175",
      doi            = "10.1086/309560",
      note           = "[Astrophys. J.447,L25(1995)]",
      eprint         = "astro-ph/9504041",
      archivePrefix  = "arXiv",
      primaryClass   = "astro-ph",
      SLACcitation   = "%%CITATION = ASTRO-PH/9504041;%%"
}

@article{Turner:1986vr,
      author         = "Turner, Michael S.",
      title          = "{Probing the Structure of the Galactic Halo with gamma
                        Rays Produced by WIMP Annihilations}",
      journal        = "Phys. Rev.",
      volume         = "D34",
      year           = "1986",
      pages          = "1921",
      doi            = "10.1103/PhysRevD.34.1921",
      reportNumber   = "FERMILAB-PUB-86-047-A",
      SLACcitation   = "%%CITATION = PHRVA,D34,1921;%%"
}

@article{Ipser:1987ru,
      author         = "Ipser, James R. and Sikivie, P.",
      title          = "{Estimates of the Density of Dark Matter Near the Center
                        of the Galaxy}",
      journal        = "Phys. Rev.",
      volume         = "D35",
      year           = "1987",
      pages          = "3695",
      doi            = "10.1103/PhysRevD.35.3695",
      reportNumber   = "UFTP-87-5",
      SLACcitation   = "%%CITATION = PHRVA,D35,3695;%%"
}

@article{Freese:1989tg,
      author         = "Freese, K. and Silk, J.",
      title          = "{Halo gamma-rays from cold dark matter annihilation}",
      journal        = "Phys. Rev.",
      volume         = "D40",
      year           = "1989",
      pages          = "3828-3833",
      doi            = "10.1103/PhysRevD.40.3828",
      SLACcitation   = "%%CITATION = PHRVA,D40,3828;%%"
}

@article{Berezinsky:1994wva,
      author         = "Berezinsky, V. and Bottino, A. and Mignola, G.",
      title          = "{High-energy gamma radiation from the galactic center due
                        to neutralino annihilation}",
      journal        = "Phys. Lett.",
      volume         = "B325",
      year           = "1994",
      pages          = "136-142",
      doi            = "10.1016/0370-2693(94)90083-3",
      eprint         = "hep-ph/9402215",
      archivePrefix  = "arXiv",
      primaryClass   = "hep-ph",
      reportNumber   = "LNGS-94-90, DFTT-5-94",
      SLACcitation   = "%%CITATION = HEP-PH/9402215;%%"
}

@article{Lake:1990du,
      author         = "Lake, G.",
      title          = "{Detectability of gamma-rays from clumps of dark matter}",
      journal        = "Nature",
      volume         = "346",
      year           = "1990",
      pages          = "39-40",
      doi            = "10.1038/346039a0",
      SLACcitation   = "%%CITATION = NATUA,346,39;%%"
}

@article{Silk:1992bh,
      author         = "Silk, Joseph and Stebbins, Albert",
      title          = "{Clumpy cold dark matter}",
      journal        = "Astrophys. J.",
      volume         = "411",
      year           = "1993",
      pages          = "439-449",
      doi            = "10.1086/172846",
      reportNumber   = "CFPA-TH-92-09, FERMILAB-PUB-93-031-A",
      SLACcitation   = "%%CITATION = ASJOA,411,439;%%"
}

@article{CalcaneoRoldan:2000yt,
      author         = "Calcaneo-Roldan, Carlos and Moore, Ben",
      title          = "{The Surface brightness of dark matter: Unique signatures
                        of neutralino annihilation in the galactic halo}",
      journal        = "Phys. Rev.",
      volume         = "D62",
      year           = "2000",
      pages          = "123005",
      doi            = "10.1103/PhysRevD.62.123005",
      eprint         = "astro-ph/0010056",
      archivePrefix  = "arXiv",
      primaryClass   = "astro-ph",
      SLACcitation   = "%%CITATION = ASTRO-PH/0010056;%%"
}

@article{Bergstrom:1998zs,
      author         = "Bergstr{\"o}m, Lars and Edsj{\"o}, Joakim and Ullio, Piero",
      title          = "{Possible indications of a clumpy dark matter halo}",
      journal        = "Phys. Rev.",
      volume         = "D58",
      year           = "1998",
      pages          = "083507",
      doi            = "10.1103/PhysRevD.58.083507",
      eprint         = "astro-ph/9804050",
      archivePrefix  = "arXiv",
      primaryClass   = "astro-ph",
      SLACcitation   = "%%CITATION = ASTRO-PH/9804050;%%"
}

@article{Bergstrom:1998jj,
      author         = "Bergstr{\"o}m, Lars and Edsj{\"o}, Joakim and Gondolo, Paolo and
                        Ullio, Piero",
      title          = "{Clumpy neutralino dark matter}",
      journal        = "Phys. Rev.",
      volume         = "D59",
      year           = "1999",
      pages          = "043506",
      doi            = "10.1103/PhysRevD.59.043506",
      eprint         = "astro-ph/9806072",
      archivePrefix  = "arXiv",
      primaryClass   = "astro-ph",
      reportNumber   = "USITP-98-08, MPI-PHT-98-43",
      SLACcitation   = "%%CITATION = ASTRO-PH/9806072;%%"
}

@article{Bergstrom:2000bk,
      author         = "Bergstr{\"o}m, Lars and Edsj{\"o}, Joakim and Gunnarsson,
                        Christofer",
      title          = "{Neutralino gamma-ray signals from accreting halo dark
                        matter}",
      journal        = "Phys. Rev.",
      volume         = "D63",
      year           = "2001",
      pages          = "083515",
      doi            = "10.1103/PhysRevD.63.083515",
      eprint         = "astro-ph/0012346",
      archivePrefix  = "arXiv",
      primaryClass   = "astro-ph",
      SLACcitation   = "%%CITATION = ASTRO-PH/0012346;%%"
}

@article{Baltz:1999ra,
      author         = "Baltz, E. A. and Briot, C. and Salati, P. and Taillet, R.
                        and Silk, J.",
      title          = "{Detection of neutralino annihilation photons from
                        external galaxies}",
      journal        = "Phys. Rev.",
      volume         = "D61",
      year           = "2000",
      pages          = "023514",
      doi            = "10.1103/PhysRevD.61.023514",
      eprint         = "astro-ph/9909112",
      archivePrefix  = "arXiv",
      primaryClass   = "astro-ph",
      SLACcitation   = "%%CITATION = ASTRO-PH/9909112;%%"
}

@article{Cline:1990mr,
      author         = "Cline, David B. and Gao, Yi-Tian",
      title          = "{Low-energy cosmic $\gamma$-rays from cosmological
                        photino annihilation}",
      journal        = "Astron. Astrophys.",
      volume         = "231",
      year           = "1990",
      pages          = "L23-L26",
      reportNumber   = "Print-90-0098-UCLA",
      SLACcitation   = "%%CITATION = AAEJA,231,L23;%%"
}

@article{Gao:1991rz,
      author         = "Gao, Yi-Tian and Stecker, Floyd W. and Cline, David B.",
      title          = "{The Lightest supersymmetric particle and the
                        extragalactic gamma-ray background}",
      journal        = "Astron. Astrophys.",
      volume         = "249",
      year           = "1991",
      pages          = "1-4",
      reportNumber   = "LHEA-91-005",
      SLACcitation   = "%%CITATION = AAEJA,249,1;%%"
}

@article{Bergstrom:2001jj,
      author         = "Bergstr{\"o}m, Lars and Edsj{\"o}, Joakim and Ullio, Piero",
      title          = "{Spectral gamma-ray signatures of cosmological dark
                        matter annihilation}",
      journal        = "Phys. Rev. Lett.",
      volume         = "87",
      year           = "2001",
      pages          = "251301",
      doi            = "10.1103/PhysRevLett.87.251301",
      eprint         = "astro-ph/0105048",
      archivePrefix  = "arXiv",
      primaryClass   = "astro-ph",
      SLACcitation   = "%%CITATION = ASTRO-PH/0105048;%%"
}

@article{Bergstrom:1997fj,
      author         = "Bergstr{\"o}m, Lars and Ullio, Piero and Buckley, James H.",
      title          = "{Observability of gamma-rays from dark matter neutralino
                        annihilations in the Milky Way halo}",
      journal        = "Astropart. Phys.",
      volume         = "9",
      year           = "1998",
      pages          = "137-162",
      doi            = "10.1016/S0927-6505(98)00015-2",
      eprint         = "astro-ph/9712318",
      archivePrefix  = "arXiv",
      primaryClass   = "astro-ph",
      SLACcitation   = "%%CITATION = ASTRO-PH/9712318;%%"
}

@article{Dehnen:1996fa,
      author         = "Dehnen, Walter and Binney, James",
      title          = "{Mass models of the Milky Way}",
      journal        = "Mon. Not. Roy. Astron. Soc.",
      volume         = "294",
      year           = "1998",
      pages          = "429",
      doi            = "10.1046/j.1365-8711.1998.01282.x",
      eprint         = "astro-ph/9612059",
      archivePrefix  = "arXiv",
      primaryClass   = "astro-ph",
      reportNumber   = "OUTP-96-06A",
      SLACcitation   = "%%CITATION = ASTRO-PH/9612059;%%"
}

@article{Carlberg:1994au,
      author         = "Carlberg, R. G.",
      title          = "{Velocity bias in clusters}",
      journal        = "Astrophys. J.",
      volume         = "433",
      year           = "1994",
      pages          = "468",
      eprint         = "astro-ph/9404005",
      archivePrefix  = "arXiv",
      primaryClass   = "astro-ph",
      SLACcitation   = "%%CITATION = ASTRO-PH/9404005;%%"
}

@article{Kravtsov:1997dp,
      author         = "Kravtsov, Andrey V. and Klypin, Anatoly A. and Bullock,
                        James S. and Primack, Joel R.",
      title          = "{The Cores of dark matter dominated galaxies: Theory
                        versus observations}",
      journal        = "Astrophys. J.",
      volume         = "502",
      year           = "1998",
      pages          = "48",
      doi            = "10.1086/305884",
      eprint         = "astro-ph/9708176",
      archivePrefix  = "arXiv",
      primaryClass   = "astro-ph",
      SLACcitation   = "%%CITATION = ASTRO-PH/9708176;%%"
}

@article{Moore:1997sg,
      author         = "Moore, Ben and Governato, Fabio and Quinn, Thomas R. and
                        Stadel, Joachim and Lake, George",
      title          = "{Resolving the structure of cold dark matter halos}",
      journal        = "Astrophys. J.",
      volume         = "499",
      year           = "1998",
      pages          = "L5",
      doi            = "10.1086/311333",
      eprint         = "astro-ph/9709051",
      archivePrefix  = "arXiv",
      primaryClass   = "astro-ph",
      SLACcitation   = "%%CITATION = ASTRO-PH/9709051;%%"
}

@article{Spergel:1999mh,
      author         = "Spergel, David N. and Steinhardt, Paul J.",
      title          = "{Observational evidence for selfinteracting cold dark
                        matter}",
      journal        = "Phys. Rev. Lett.",
      volume         = "84",
      year           = "2000",
      pages          = "3760-3763",
      doi            = "10.1103/PhysRevLett.84.3760",
      eprint         = "astro-ph/9909386",
      archivePrefix  = "arXiv",
      primaryClass   = "astro-ph",
      SLACcitation   = "%%CITATION = ASTRO-PH/9909386;%%"
}

@article{Kaplinghat:2000vt,
      author         = "Kaplinghat, Manoj and Knox, Lloyd and Turner, Michael S.",
      title          = "{Annihilating the cold dark matter cusp crisis}",
      journal        = "Phys. Rev. Lett.",
      volume         = "85",
      year           = "2000",
      pages          = "3335",
      doi            = "10.1103/PhysRevLett.85.3335",
      eprint         = "astro-ph/0005210",
      archivePrefix  = "arXiv",
      primaryClass   = "astro-ph",
      SLACcitation   = "%%CITATION = ASTRO-PH/0005210;%%"
}

@article{Olling:1997fu,
      author         = "Olling, Rob P. and Merrifield, Michael R.",
      title          = "{Refining the oort constants: the case for a smaller
                        milky way}",
      journal        = "ASP Conf. Ser.",
      volume         = "136",
      year           = "1998",
      pages          = "216",
      eprint         = "astro-ph/9711157",
      archivePrefix  = "arXiv",
      primaryClass   = "astro-ph",
      SLACcitation   = "%%CITATION = ASTRO-PH/9711157;%%"
}

@article{Reid:1993fx,
      author         = "Reid, M. J.",
      title          = "{The distance to the center of the galaxy}",
      journal        = "Ann. Rev. Astron. Astrophys.",
      volume         = "31",
      year           = "1993",
      pages          = "345-372",
      doi            = "10.1146/annurev.aa.31.090193.002021",
      SLACcitation   = "%%CITATION = ARAAA,31,345;%%"
}

@article{Gondolo:1999ef,
      author         = "Gondolo, Paolo and Silk, Joseph",
      title          = "{Dark matter annihilation at the galactic center}",
      journal        = "Phys. Rev. Lett.",
      volume         = "83",
      year           = "1999",
      pages          = "1719-1722",
      doi            = "10.1103/PhysRevLett.83.1719",
      eprint         = "astro-ph/9906391",
      archivePrefix  = "arXiv",
      primaryClass   = "astro-ph",
      reportNumber   = "MPI-PHT-99-10, OUAST-99-9",
      SLACcitation   = "%%CITATION = ASTRO-PH/9906391;%%"
}

@article{Gondolo:2000pn,
      author         = "Gondolo, Paolo",
      title          = "{Either neutralino dark matter or cuspy dark halos}",
      journal        = "Phys. Lett.",
      volume         = "B494",
      year           = "2000",
      pages          = "181-186",
      doi            = "10.1016/S0370-2693(00)01218-1",
      eprint         = "hep-ph/0002226",
      archivePrefix  = "arXiv",
      primaryClass   = "hep-ph",
      reportNumber   = "MPI-PHT-2000-09",
      SLACcitation   = "%%CITATION = HEP-PH/0002226;%%"
}

@phdthesis{UllioPhD,
 author = "Ullio, Piero",
 school = "Stockholm University", 
 year = "1999"
}

@phdthesis{Edsjo:1997hp,
      author         = "Edsj{\"o}, Joakim",
      title          = "{Aspects of neutrino detection of neutralino dark
                        matter}",
      school         = "Uppsala U.",
      year           = "1997",
      eprint         = "hep-ph/9704384",
      archivePrefix  = "arXiv",
      primaryClass   = "hep-ph",
      SLACcitation   = "%%CITATION = HEP-PH/9704384;%%"
}

@article{Diemand:2005vz,
      author         = "Diemand, Jurg and Moore, Ben and Stadel, Joachim",
      title          = "{Earth-mass dark-matter haloes as the first structures in
                        the early Universe}",
      journal        = "Nature",
      volume         = "433",
      year           = "2005",
      pages          = "389-391",
      doi            = "10.1038/nature03270",
      eprint         = "astro-ph/0501589",
      archivePrefix  = "arXiv",
      primaryClass   = "astro-ph",
      SLACcitation   = "%%CITATION = ASTRO-PH/0501589;%%"
}

@article{Srednicki:1988ce,
      author         = "Srednicki, Mark and Watkins, Richard and Olive, Keith A.",
      title          = "{Calculations of Relic Densities in the Early Universe}",
      journal        = "Nucl. Phys.",
      volume         = "B310",
      year           = "1988",
      pages          = "693",
      doi            = "10.1016/0550-3213(88)90099-5",
      reportNumber   = "UMN-TH-646/88",
      SLACcitation   = "%%CITATION = NUPHA,B310,693;%%"
}

@article{Krauss:1985unpub,
      author         = "Krauss, Lawrence M.",
      reportNumber   = "HUTP-85-A008A",
      year           = 1985
}

@article{Krauss:1985ks,
      author         = "Krauss, Lawrence M. and Freese, K. and Press, W. and
                        Spergel, D.",
      title          = "{Cold dark matter candidates and the solar neutrino
                        problem}",
      journal        = "Astrophys. J.",
      volume         = "299",
      year           = "1985",
      pages          = "1001",
      doi            = "10.1086/163767",
      reportNumber   = "HUTP-85-A008A",
      SLACcitation   = "%%CITATION = ASJOA,299,1001;%%"
}

@article{Press:1985ug,
      author         = "Press, William H. and Spergel, David N.",
      title          = "{Capture by the sun of a galactic population of weakly
                        interacting massive particles}",
      journal        = "Astrophys. J.",
      volume         = "296",
      year           = "1985",
      pages          = "679-684",
      doi            = "10.1086/163485",
      SLACcitation   = "%%CITATION = ASJOA,296,679;%%"
}

@article{Silk:1985ax,
      author         = "Silk, Joseph and Olive, Keith A. and Srednicki, Mark",
      title          = "{The Photino, the Sun and High-Energy Neutrinos}",
      journal        = "Phys. Rev. Lett.",
      volume         = "55",
      year           = "1985",
      pages          = "257-259",
      doi            = "10.1103/PhysRevLett.55.257",
      reportNumber   = "FERMILAB-PUB-85-062-A",
      SLACcitation   = "%%CITATION = PRLTA,55,257;%%"
}

@article{Krauss:1985aaa,
      author         = "Krauss, Lawrence M. and Srednicki, Mark and Wilczek,
                        Frank",
      title          = "{Solar System Constraints and Signatures for Dark Matter
                        Candidates}",
      journal        = "Phys. Rev.",
      volume         = "D33",
      year           = "1986",
      pages          = "2079-2083",
      doi            = "10.1103/PhysRevD.33.2079",
      reportNumber   = "YTP-85-19",
      SLACcitation   = "%%CITATION = PHRVA,D33,2079;%%"
}

@article{Gaisser:1986ha,
      author         = "Gaisser, T. K. and Steigman, G. and Tilav, S.",
      title          = "{Limits on Cold Dark Matter Candidates from Deep
                        Underground Detectors}",
      journal        = "Phys. Rev.",
      volume         = "D34",
      year           = "1986",
      pages          = "2206",
      doi            = "10.1103/PhysRevD.34.2206",
      reportNumber   = "BA-86-42",
      SLACcitation   = "%%CITATION = PHRVA,D34,2206;%%"
}

@article{Griest:1986yu,
      author         = "Griest, K. and Seckel, D.",
      title          = "{Cosmic Asymmetry, Neutrinos and the Sun}",
      journal        = "Nucl. Phys.",
      volume         = "B283",
      year           = "1987",
      pages          = "681-705",
      doi            = "10.1016/0550-3213(87)90293-8,
                        10.1016/0550-3213(88)90409-9",
      note           = "[Erratum: Nucl. Phys.B296,1034(1988)]",
      reportNumber   = "CERN-TH-4505/86, SCIPP 86/60",
      SLACcitation   = "%%CITATION = NUPHA,B283,681;%%"
}

@article{Hagelin:1986gv,
      author         = "Hagelin, John S. and Ng, K. W. and Olive, Keith A.",
      title          = "{A High-energy Neutrino Signature From Supersymmetric
                        Relics}",
      journal        = "Phys. Lett.",
      volume         = "B180",
      year           = "1986",
      pages          = "375-380",
      doi            = "10.1016/0370-2693(86)91205-0",
      reportNumber   = "UMN-TH-566/86, MIU-THP-86/12",
      SLACcitation   = "%%CITATION = PHLTA,B180,375;%%"
}

@article{Freese:1985qw,
      author         = "Freese, Katherine",
      title          = "{Can Scalar Neutrinos Or Massive Dirac Neutrinos Be the
                        Missing Mass?}",
      journal        = "Phys. Lett.",
      volume         = "167B",
      year           = "1986",
      pages          = "295-300",
      doi            = "10.1016/0370-2693(86)90349-7",
      reportNumber   = "Print-85-0531 (HARVARD-SMITHSONIAN)",
      SLACcitation   = "%%CITATION = PHLTA,167B,295;%%"
}

@article{Kamionkowski:1991nj,
      author         = "Kamionkowski, Marc",
      title          = "{Energetic neutrinos from heavy neutralino annihilation
                        in the sun}",
      journal        = "Phys. Rev.",
      volume         = "D44",
      year           = "1991",
      pages          = "3021-3042",
      doi            = "10.1103/PhysRevD.44.3021",
      reportNumber   = "FERMILAB-PUB-90-181-A",
      SLACcitation   = "%%CITATION = PHRVA,D44,3021;%%"
}

@article{Halzen:1991kh,
      author         = "Halzen, Francis and Stelzer, Tim and Kamionkowski, Marc",
      title          = "{Signatures of dark matter in underground detectors}",
      journal        = "Phys. Rev.",
      volume         = "D45",
      year           = "1992",
      pages          = "4439-4442",
      doi            = "10.1103/PhysRevD.45.4439",
      reportNumber   = "IASSNS-HEP-91-88, MAD-PH-685",
      SLACcitation   = "%%CITATION = PHRVA,D45,4439;%%"
}

@article{Bottino:1991dy,
      author         = "Bottino, A. and de Alfaro, Vittorio and Fornengo, N. and
                        Mignola, G. and Pignone, M.",
      title          = "{Indirect search for neutralinos at neutrino telescopes}",
      journal        = "Phys. Lett.",
      volume         = "B265",
      year           = "1991",
      pages          = "57-63",
      doi            = "10.1016/0370-2693(91)90013-G",
      reportNumber   = "DFTT-10-91",
      SLACcitation   = "%%CITATION = PHLTA,B265,57;%%"
}

@article{Bottino:1994xp,
      author         = "Bottino, A. and Fornengo, N. and Mignola, G. and Moscoso,
                        L.",
      title          = "{Signals of neutralino dark matter from earth and sun}",
      journal        = "Astropart. Phys.",
      volume         = "3",
      year           = "1995",
      pages          = "65-76",
      doi            = "10.1016/0927-6505(94)00028-2",
      eprint         = "hep-ph/9408391",
      archivePrefix  = "arXiv",
      primaryClass   = "hep-ph",
      reportNumber   = "DFTT-34-94",
      SLACcitation   = "%%CITATION = HEP-PH/9408391;%%"
}

@article{Gandhi:1993ce,
      author         = "Gandhi, Raj and Lopez, Jorge L. and Nanopoulos, Dimitri
                        V. and Yuan, Ka-jia and Zichichi, A.",
      title          = "{Scrutinizing supergravity models through neutrino
                        telescopes}",
      journal        = "Phys. Rev.",
      volume         = "D49",
      year           = "1994",
      pages          = "3691-3703",
      doi            = "10.1103/PhysRevD.49.3691",
      eprint         = "astro-ph/9309048",
      archivePrefix  = "arXiv",
      primaryClass   = "astro-ph",
      reportNumber   = "CERN-TH-6999-93, CTP-TAMU-48-93, ACT-18-93",
      SLACcitation   = "%%CITATION = ASTRO-PH/9309048;%%"
}

@article{Bergstrom:1996kp,
      author         = "Bergstr{\"o}m, Lars and Edsj{\"o}, Joakim and Gondolo, Paolo",
      title          = "{Indirect neutralino detection rates in neutrino
                        telescopes}",
      journal        = "Phys. Rev.",
      volume         = "D55",
      year           = "1997",
      pages          = "1765-1770",
      doi            = "10.1103/PhysRevD.55.1765",
      eprint         = "hep-ph/9607237",
      archivePrefix  = "arXiv",
      primaryClass   = "hep-ph",
      reportNumber   = "UUITP-13-96, OUTP-96-29-P, OUTP-96-29P",
      SLACcitation   = "%%CITATION = HEP-PH/9607237;%%"
}

@article{Bergstrom:1998xh,
      author         = "Bergstr{\"o}m, Lars and Edsj{\"o}, Joakim and Gondolo, Paolo",
      title          = "{Indirect detection of dark matter in km size neutrino
                        telescopes}",
      journal        = "Phys. Rev.",
      volume         = "D58",
      year           = "1998",
      pages          = "103519",
      doi            = "10.1103/PhysRevD.58.103519",
      eprint         = "hep-ph/9806293",
      archivePrefix  = "arXiv",
      primaryClass   = "hep-ph",
      reportNumber   = "MPI-PHT-98-44, CFPA-98-TH-12",
      SLACcitation   = "%%CITATION = HEP-PH/9806293;%%"
}

@article{Halzen:1996su,
      author         = "Halzen, Francis",
      title          = "{Status of neutrino astronomy: The Quest for kilometer
                        scale instruments}",
      journal        = "Comments Nucl. Part. Phys.",
      volume         = "22",
      year           = "1997",
      number         = "3",
      pages          = "155-170",
      eprint         = "astro-ph/9701029",
      archivePrefix  = "arXiv",
      primaryClass   = "astro-ph",
      reportNumber   = "MADPH-96-981",
      SLACcitation   = "%%CITATION = ASTRO-PH/9701029;%%"
}

@article{Ritz:1987mh,
      author         = "Ritz, S. and Seckel, D.",
      title          = "{Detailed Neutrino Spectra From Cold Dark Matter
                        Annihilations in the Sun}",
      journal        = "Nucl. Phys.",
      volume         = "B304",
      year           = "1988",
      pages          = "877-908",
      doi            = "10.1016/0550-3213(88)90660-8",
      reportNumber   = "CERN-TH-4627, SCIPP-87/99",
      SLACcitation   = "%%CITATION = NUPHA,B304,877;%%"
}

@article{Giudice:1988vs,
      author         = "Giudice, G. F. and Roulet, E.",
      title          = "{Energetic Neutrinos From Supersymmetric Dark Matter}",
      journal        = "Nucl. Phys.",
      volume         = "B316",
      year           = "1989",
      pages          = "429-442",
      doi            = "10.1016/0550-3213(89)90039-4",
      reportNumber   = "SISSA-103/88/EP",
      SLACcitation   = "%%CITATION = NUPHA,B316,429;%%"
}

@article{Drees:1993bh,
      author         = "Drees, Manuel and Jungman, Gerard and Kamionkowski, Marc
                        and Nojiri, Mihoko M.",
      title          = "{Neutralino annihilation into gluons}",
      journal        = "Phys. Rev.",
      volume         = "D49",
      year           = "1994",
      pages          = "636-647",
      doi            = "10.1103/PhysRevD.49.636",
      eprint         = "hep-ph/9306325",
      archivePrefix  = "arXiv",
      primaryClass   = "hep-ph",
      reportNumber   = "EFI-93-38, MAD-PH-766, IASSNS-HEP-93-37",
      SLACcitation   = "%%CITATION = HEP-PH/9306325;%%"
}

@article{Jungman:1994jr,
      author         = "Jungman, Gerard and Kamionkowski, Marc",
      title          = "{Neutrinos from particle decay in the sun and earth}",
      journal        = "Phys. Rev.",
      volume         = "D51",
      year           = "1995",
      pages          = "328-340",
      doi            = "10.1103/PhysRevD.51.328",
      eprint         = "hep-ph/9407351",
      archivePrefix  = "arXiv",
      primaryClass   = "hep-ph",
      reportNumber   = "IASSNS-HEP-94-45, SU-HEP-4240-584",
      SLACcitation   = "%%CITATION = HEP-PH/9407351;%%"
}

@article{Berezinsky:1996ga,
      author         = "Berezinsky, V. and Bottino, A. and Ellis, John R. and
                        Fornengo, N. and Mignola, G. and Scopel, S.",
      title          = "{Searching for relic neutralinos using neutrino
                        telescopes}",
      journal        = "Astropart. Phys.",
      volume         = "5",
      year           = "1996",
      pages          = "333-352",
      doi            = "10.1016/0927-6505(96)00035-7",
      eprint         = "hep-ph/9603342",
      archivePrefix  = "arXiv",
      primaryClass   = "hep-ph",
      reportNumber   = "CERN-TH-96-42, DFTT-11-96, JHU-TIPAC-96006A,
                        INFN-TH-96-03, GEF-TH-3-96",
      SLACcitation   = "%%CITATION = HEP-PH/9603342;%%"
}

@article{Bottino:1993aa,
      author         = "Bottino, A. and de Alfaro, Vittorio and Fornengo, N. and
                        Mignola, S. and Scopel, S.",
      title          = "{On the neutralino as dark matter candidate. 2. Direct
                        detection.}",
      journal        = "Astropart. Phys.",
      volume         = "2",
      year           = "1994",
      pages          = "77-90",
      doi            = "10.1016/0927-6505(94)90019-1",
      eprint         = "hep-ph/9309219",
      archivePrefix  = "arXiv",
      primaryClass   = "hep-ph",
      reportNumber   = "DFTT-38-93",
      SLACcitation   = "%%CITATION = HEP-PH/9309219;%%"
}

@article{Kamionkowski:1994dp,
      author         = "Kamionkowski, Marc and Griest, Kim and Jungman, Gerard
                        and Sadoulet, Bernard",
      title          = "{Model independent comparison of direct versus indirect
                        detection of supersymmetric dark matter}",
      journal        = "Phys. Rev. Lett.",
      volume         = "74",
      year           = "1995",
      pages          = "5174-5177",
      doi            = "10.1103/PhysRevLett.74.5174",
      eprint         = "hep-ph/9412213",
      archivePrefix  = "arXiv",
      primaryClass   = "hep-ph",
      reportNumber   = "IASSNS-HEP-94-76, SU-4240-593, CFPA-TH-94-59,
                        CFPA-94-TH-59, CU-TP-653, UCSD-PTH-94-23",
      SLACcitation   = "%%CITATION = HEP-PH/9412213;%%"
}

@article{Edsjo:1995zc,
      author         = "Edsj{\"o}, Joakim and Gondolo, Paolo",
      title          = "{WIMP mass determination with neutrino telescopes}",
      journal        = "Phys. Lett.",
      volume         = "B357",
      year           = "1995",
      pages          = "595-601",
      doi            = "10.1016/0370-2693(95)00930-J",
      eprint         = "hep-ph/9504283",
      archivePrefix  = "arXiv",
      primaryClass   = "hep-ph",
      reportNumber   = "PAR-LPTHE-95-12, UUITP-3-95",
      SLACcitation   = "%%CITATION = HEP-PH/9504283;%%"
}

@article{Bergstrom:1997tp,
      author         = "Bergstr{\"o}m, Lars and Edsj{\"o}, Joakim and Kamionkowski, Marc",
      title          = "{Astrophysical neutrino detection with angular and energy
                        resolution}",
      journal        = "Astropart. Phys.",
      volume         = "7",
      year           = "1997",
      pages          = "147-160",
      doi            = "10.1016/S0927-6505(97)00013-3",
      eprint         = "astro-ph/9702037",
      archivePrefix  = "arXiv",
      primaryClass   = "astro-ph",
      reportNumber   = "USITP-96-10, UUITP-1-97, CU-TP-810, CAL-627",
      SLACcitation   = "%%CITATION = ASTRO-PH/9702037;%%"
}

@article{Damour:1998rh,
      author         = "Damour, Thibault and Krauss, Lawrence M.",
      title          = "{A New solar system population of WIMP dark matter}",
      journal        = "Phys. Rev. Lett.",
      volume         = "81",
      year           = "1998",
      pages          = "5726-5729",
      doi            = "10.1103/PhysRevLett.81.5726",
      eprint         = "astro-ph/9806165",
      archivePrefix  = "arXiv",
      primaryClass   = "astro-ph",
      reportNumber   = "CWRU-P20-98",
      SLACcitation   = "%%CITATION = ASTRO-PH/9806165;%%"
}

@article{Damour:1998vg,
      author         = "Damour, Thibault and Krauss, Lawrence M.",
      title          = "{A New WIMP population in the solar system and new
                        signals for dark matter detectors}",
      journal        = "Phys. Rev.",
      volume         = "D59",
      year           = "1999",
      pages          = "063509",
      doi            = "10.1103/PhysRevD.59.063509",
      eprint         = "astro-ph/9807099",
      archivePrefix  = "arXiv",
      primaryClass   = "astro-ph",
      reportNumber   = "CWRU-P22-98, IHES-P-98-55",
      SLACcitation   = "%%CITATION = ASTRO-PH/9807099;%%"
}

@article{Bergstrom:1999tk,
      author         = "Bergstr{\"o}m, Lars and Damour, Thibault and Edsj{\"o}, Joakim
                        and Krauss, Lawrence M. and Ullio, Piero",
      title          = "{Implications of a new solar system population of
                        neutralinos on indirect detection rates}",
      journal        = "JHEP",
      volume         = "08",
      year           = "1999",
      pages          = "010",
      doi            = "10.1088/1126-6708/1999/08/010",
      eprint         = "hep-ph/9905446",
      archivePrefix  = "arXiv",
      primaryClass   = "hep-ph",
      reportNumber   = "CWRU-P19-99, IHES-P-99-39",
      SLACcitation   = "%%CITATION = HEP-PH/9905446;%%"
}

@article{Gould:1987ir,
      author         = "Gould, Andrew",
      title          = "{Resonant Enhancements in WIMP Capture by the Earth}",
      journal        = "Astrophys. J.",
      volume         = "321",
      year           = "1987",
      pages          = "571",
      doi            = "10.1086/165653",
      reportNumber   = "SLAC-PUB-4226",
      SLACcitation   = "%%CITATION = ASJOA,321,571;%%"
}

@article{Bahcall:2000nu,
      author         = "Bahcall, John N. and Pinsonneault, M. H. and Basu,
                        Sarbani",
      title          = "{Solar models: Current epoch and time dependences,
                        neutrinos, and helioseismological properties}",
      journal        = "Astrophys. J.",
      volume         = "555",
      year           = "2001",
      pages          = "990-1012",
      doi            = "10.1086/321493",
      eprint         = "astro-ph/0010346",
      archivePrefix  = "arXiv",
      primaryClass   = "astro-ph",
      SLACcitation   = "%%CITATION = ASTRO-PH/0010346;%%"
}

@ARTICLE{2003TrGeo...2..547M,
   author = {{McDonough}, W.~F.},
    title = "{Compositional Model for the Earth's Core}",
  journal = {Treatise on Geochemistry},
     year = 2003,
    month = dec,
   volume = 2,
    pages = {568},
      doi = {10.1016/B0-08-043751-6/02015-6},
   adsurl = {http://adsabs.harvard.edu/abs/2003TrGeo...2..547M},
  adsnote = {Provided by the SAO/NASA Astrophysics Data System}
}

@BOOK{EncBrit,
  title = "The Earth: its properties, composition, and structure",
  year = 1999,
  note = "Britannica CD, Version 99",
  publisher = "Encyclop{\ae}dia Britannica, Inc."
}

@ARTICLE{Gould:1991aa,
   author = {{Gould}, A.},
    title = "{Gravitational diffusion of solar system WIMPs}",
  journal = {\apj},
 keywords = {Elementary Particle Interactions, Gravitational Effects, Solar System, Weak Energy Interactions, Computational Astrophysics, Earth (Planet), Jupiter (Planet), Orbital Resonances (Celestial Mechanics), Venus (Planet)},
     year = 1991,
    month = feb,
   volume = 368,
    pages = {610-615},
      doi = {10.1086/169726},
   adsurl = {http://adsabs.harvard.edu/abs/1991ApJ...368..610G},
  adsnote = {Provided by the SAO/NASA Astrophysics Data System}
}

@article{Steigman:1997vs,
      author         = "Steigman, G. and Sarazin, C. L. and Quintana, H. and
                        Faulkner, J.",
      title          = "{Dynamical interactions and astrophysical effects of
                        stable heavy neutrinos}",
      journal        = "Astron. J.",
      volume         = "83",
      year           = "1978",
      pages          = "1050-1061",
      doi            = "10.1086/112290",
      SLACcitation   = "%%CITATION = ANJOA,83,1050;%%"
}

@article{Griest:1987vc,
      author         = "Griest, Kim",
      title          = "{Effect of the Sun's Gravity on the Distribution and
                        Detection of Dark Matter Near the Earth}",
      journal        = "Phys. Rev.",
      volume         = "D37",
      year           = "1988",
      pages          = "2703",
      doi            = "10.1103/PhysRevD.37.2703",
      reportNumber   = "FERMILAB-PUB-87-224-A",
      SLACcitation   = "%%CITATION = PHRVA,D37,2703;%%"
}

@article{Gould:1988eq,
      author         = "Gould, Andrew and Frieman, Joshua A. and Freese,
                        Katherine",
      title          = "{Probing the Earth With Wimps}",
      journal        = "Phys. Rev.",
      volume         = "D39",
      year           = "1989",
      pages          = "1029",
      doi            = "10.1103/PhysRevD.39.1029",
      reportNumber   = "SLAC-PUB-4685",
      SLACcitation   = "%%CITATION = PHRVA,D39,1029;%%"
}

@article{Collar:1998ka,
      author         = "Collar, Juan I.",
      title          = "{Solar bound weakly interacting massive particles: A No
                        frills phenomenology}",
      journal        = "Phys. Rev.",
      volume         = "D59",
      year           = "1999",
      pages          = "063514",
      doi            = "10.1103/PhysRevD.59.063514",
      eprint         = "astro-ph/9808058",
      archivePrefix  = "arXiv",
      primaryClass   = "astro-ph",
      SLACcitation   = "%%CITATION = ASTRO-PH/9808058;%%"
}

@article{Gould:1999je,
      author         = "Gould, Andrew and Khairul Alam, S. M.",
      title          = "{Can heavy WIMPs be captured by the earth?}",
      journal        = "Astrophys. J.",
      volume         = "549",
      year           = "2001",
      pages          = "72-75",
      doi            = "10.1086/319040",
      eprint         = "astro-ph/9911288",
      archivePrefix  = "arXiv",
      primaryClass   = "astro-ph",
      SLACcitation   = "%%CITATION = ASTRO-PH/9911288;%%"
}

@article{Bahcall:1992hn,
      author         = "Bahcall, John N. and Pinsonneault, M. H.",
      title          = "{Standard solar models, with and without helium diffusion
                        and the solar neutrino problem}",
      journal        = "Rev. Mod. Phys.",
      volume         = "64",
      year           = "1992",
      pages          = "885-926",
      doi            = "10.1103/RevModPhys.64.885",
      reportNumber   = "IASSNS-AST-92-10",
      SLACcitation   = "%%CITATION = RMPHA,64,885;%%"
}

@ARTICLE{Farinella:1994aa,
   author = {{Farinella}, P. and {Froeschl{\'e}}, C. and {Froeschl{\'e}}, C. and 
	{Gonczi}, R. and {Hahn}, G. and {Morbidelli}, A. and {Valsecchi}, G.~B.
	},
    title = "{Asteroids falling into the Sun}",
  journal = {\nat},
     year = 1994,
    month = sep,
   volume = 371,
    pages = {314-317},
      doi = {10.1038/371314a0},
   adsurl = {http://adsabs.harvard.edu/abs/1994Natur.371..314F},
  adsnote = {Provided by the SAO/NASA Astrophysics Data System}
}

@article{Lundberg:2004dn,
      author         = "Lundberg, Johan and Edsj{\"o}, Joakim",
      title          = "{WIMP diffusion in the solar system including solar
                        depletion and its effect on earth capture rates}",
      journal        = "Phys. Rev.",
      volume         = "D69",
      year           = "2004",
      pages          = "123505",
      doi            = "10.1103/PhysRevD.69.123505",
      eprint         = "astro-ph/0401113",
      archivePrefix  = "arXiv",
      primaryClass   = "astro-ph",
      SLACcitation   = "%%CITATION = ASTRO-PH/0401113;%%"
}

@article{Gould:1987ju,
      author         = "Gould, Andrew",
      title          = "{{WIMP} Distribution in and Evaporation From the Sun}",
      journal        = "Astrophys. J.",
      volume         = "321",
      year           = "1987",
      pages          = "560",
      doi            = "10.1086/165652",
      reportNumber   = "SLAC-PUB-4162",
      SLACcitation   = "%%CITATION = ASJOA,321,560;%%"
}

@article{Misiak:2006zs,
      author         = "Misiak, M. and others",
      title          = "{Estimate of $\mathcal{B} (\bar B \to X_s \gamma)$ at
                        $O(\alpha_s^2)$}",
      journal        = "Phys. Rev. Lett.",
      volume         = "98",
      year           = "2007",
      pages          = "022002",
      doi            = "10.1103/PhysRevLett.98.022002",
      eprint         = "hep-ph/0609232",
      archivePrefix  = "arXiv",
      primaryClass   = "hep-ph",
      reportNumber   = "IFT-18-2006, CERN-PH-TH-2006-184, YERPHI-1608-6,
                        FREIBURG-THEP-06-13, DFTT-20-2006, SFB-CPP-06-45,
                        TTP06-26, ZU-TH-22-06, SLAC-PUB-12117, DESY-06-168",
      SLACcitation   = "%%CITATION = HEP-PH/0609232;%%"
}

@article{Misiak:2006ab,
      author         = "Misiak, Mikolaj and Steinhauser, Matthias",
      title          = "{NNLO QCD corrections to the anti-B ---> X(s) gamma
                        matrix elements using interpolation in m(c)}",
      journal        = "Nucl. Phys.",
      volume         = "B764",
      year           = "2007",
      pages          = "62-82",
      doi            = "10.1016/j.nuclphysb.2006.11.027",
      eprint         = "hep-ph/0609241",
      archivePrefix  = "arXiv",
      primaryClass   = "hep-ph",
      reportNumber   = "TTP06-24, SFB-CCP-06-37, IFT-16-2006",
      SLACcitation   = "%%CITATION = HEP-PH/0609241;%%"
}

@inproceedings{Okumura:2002ev,
      author         = "Okumura, Ken-ichi and Roszkowski, Leszek",
      title          = "{B ---> X(s) gamma in minimal supersymmetric standard
                        model with general flavor mixing}",
      booktitle      = "{Supersymmetry and unification of fundamental
                        interactions. Proceedings, 10th International Conference,
                        SUSY'02, Hamburg, Germany, June 17-23, 2002}",
      url            = "http://www-library.desy.de/preparch/desy/proc/proc02-02/Proceedings/pa.23/okumura\_pr.pdf",
      year           = "2002",
      pages          = "1064-1070",
      eprint         = "hep-ph/0212007",
      archivePrefix  = "arXiv",
      primaryClass   = "hep-ph",
      SLACcitation   = "%%CITATION = HEP-PH/0212007;%%"
}

@article{Barberio:2007cr,
      author         = "Barberio, E. and others",
      title          = "{Averages of $b-$hadron properties at the end of 2006}",
      collaboration  = "Heavy Flavor Averaging Group (HFAG)",
      year           = "2007",
      eprint         = "0704.3575",
      archivePrefix  = "arXiv",
      primaryClass   = "hep-ex",
      reportNumber   = "FERMILAB-FN-0815-E",
      SLACcitation   = "%%CITATION = ARXIV:0704.3575;%%"
}

@misc{reduce,
      author = "Hearn, A. C.",
      title = "Reduce 3.5",
      year = 1993,
      note = "RAND"
}

@misc{form2f,
      author = "Edsj{\"o}, Joakim",
      title = "form2f, Perl script to convert Form output to Fortran"
}

@article{Birkedal:2005ep,
      author         = "Birkedal, Andreas and Matchev, Konstantin T. and
                        Perelstein, Maxim and Spray, Andrew",
      title          = "{Robust gamma ray signature of WIMP dark matter}",
      year           = "2005",
      eprint         = "hep-ph/0507194",
      archivePrefix  = "arXiv",
      primaryClass   = "hep-ph",
      reportNumber   = "UFIFT-HEP-05-19",
      SLACcitation   = "%%CITATION = HEP-PH/0507194;%%"
}

@article{Bergstrom:2004cy,
      author         = "Bergstr{\"o}m, Lars and Bringmann, Torsten and Eriksson,
                        Martin and Gustafsson, Michael",
      title          = "{Gamma rays from Kaluza-Klein dark matter}",
      journal        = "Phys. Rev. Lett.",
      volume         = "94",
      year           = "2005",
      pages          = "131301",
      doi            = "10.1103/PhysRevLett.94.131301",
      eprint         = "astro-ph/0410359",
      archivePrefix  = "arXiv",
      primaryClass   = "astro-ph",
      SLACcitation   = "%%CITATION = ASTRO-PH/0410359;%%"
}

@article{Goodman:1984dc,
      author         = "Goodman, Mark W. and Witten, Edward",
      title          = "{Detectability of Certain Dark Matter Candidates}",
      journal        = "Phys. Rev.",
      volume         = "D31",
      year           = "1985",
      pages          = "3059",
      doi            = "10.1103/PhysRevD.31.3059",
      reportNumber   = "Print-85-0030 (PRINCETON)",
      SLACcitation   = "%%CITATION = PHRVA,D31,3059;%%"
}

@article{Bottino:1996eu,
      author         = "Bottino, A. and Donato, F. and Mignola, G. and Scopel, S.
                        and Belli, P. and Incicchitti, A.",
      title          = "{Exploring the supersymmetric parameter space by direct
                        search for WIMPs}",
      journal        = "Phys. Lett.",
      volume         = "B402",
      year           = "1997",
      pages          = "113-121",
      doi            = "10.1016/S0370-2693(97)00390-0",
      eprint         = "hep-ph/9612451",
      archivePrefix  = "arXiv",
      primaryClass   = "hep-ph",
      reportNumber   = "DFTT-75-96, GEF-TH-19-96, ROM2F-96-63",
      SLACcitation   = "%%CITATION = HEP-PH/9612451;%%"
}

@article{Ellis:1987sh,
      author         = "Ellis, John R. and Flores, R. A.",
      title          = "{Realistic Predictions for the Detection of
                        Supersymmetric Dark Matter}",
      journal        = "Nucl. Phys.",
      volume         = "B307",
      year           = "1988",
      pages          = "883-908",
      doi            = "10.1016/0550-3213(88)90111-3",
      reportNumber   = "CERN-TH-4911-87",
      SLACcitation   = "%%CITATION = NUPHA,B307,883;%%"
}

@article{Ellis:1991ef,
      author         = "Ellis, John R. and Flores, Ricardo A.",
      title          = "{Elastic supersymmetric relic - nucleus scattering
                        revisited}",
      journal        = "Phys. Lett.",
      volume         = "B263",
      year           = "1991",
      pages          = "259-266",
      doi            = "10.1016/0370-2693(91)90597-J",
      reportNumber   = "CERN-TH-6063-91, UMSTL-TH-2-91",
      SLACcitation   = "%%CITATION = PHLTA,B263,259;%%"
}

@article{Griest:1988ma,
      author         = "Griest, Kim",
      title          = "{Cross-Sections, Relic Abundance and Detection Rates for
                        Neutralino Dark Matter}",
      journal        = "Phys. Rev.",
      volume         = "D38",
      year           = "1988",
      pages          = "2357",
      doi            = "10.1103/PhysRevD.38.2357, 10.1103/PhysRevD.39.3802",
      note           = "[Erratum: Phys. Rev.D39,3802(1989)]",
      reportNumber   = "FERMILAB-PUB-88-074-A, FERMILAB-PUB-89-139-A",
      SLACcitation   = "%%CITATION = PHRVA,D38,2357;%%"
}

@article{Barbieri:1988zs,
      author         = "Barbieri, Riccardo and Frigeni, M. and Giudice, G. F.",
      title          = "{Dark Matter Neutralinos in Supergravity Theories}",
      journal        = "Nucl. Phys.",
      volume         = "B313",
      year           = "1989",
      pages          = "725-735",
      doi            = "10.1016/0550-3213(89)90404-5",
      reportNumber   = "IFUP-TH-8-88-REV, IFUP-TH-8-88",
      SLACcitation   = "%%CITATION = NUPHA,B313,725;%%"
}

@article{Gelmini:1990je,
      author         = "Gelmini, G. B. and Gondolo, P. and Roulet, E.",
      title          = "{Neutralino dark matter searches}",
      journal        = "Nucl. Phys.",
      volume         = "B351",
      year           = "1991",
      pages          = "623-644",
      doi            = "10.1016/S0550-3213(05)80036-7",
      reportNumber   = "UCLA-90-TEP-5",
      SLACcitation   = "%%CITATION = NUPHA,B351,623;%%"
}

@article{Gasser:1990ce,
      author         = "Gasser, J. and Leutwyler, H. and Sainio, M. E.",
      title          = "{Sigma term update}",
      journal        = "Phys. Lett.",
      volume         = "B253",
      year           = "1991",
      pages          = "252-259",
      doi            = "10.1016/0370-2693(91)91393-A",
      reportNumber   = "BUTP-90-30-BERN, HU-TFT-90-55",
      SLACcitation   = "%%CITATION = PHLTA,B253,252;%%"
}

@article{Adams:1995ufa,
      author         = "Adams, D. and others",
      title          = "{A New measurement of the spin dependent structure
                        function g1(x) of the deuteron}",
      collaboration  = "Spin Muon",
      journal        = "Phys. Lett.",
      volume         = "B357",
      year           = "1995",
      pages          = "248-254",
      doi            = "10.1016/0370-2693(95)00898-U",
      reportNumber   = "CERN-PPE-95-097, CERN-PPE-95-97, DAPNIA-SPHN-95-39",
      SLACcitation   = "%%CITATION = PHLTA,B357,248;%%"
}

@article{Jaffe:1989jz,
      author         = "Jaffe, R. L. and Manohar, Aneesh",
      title          = "{The G(1) Problem: Fact and Fantasy on the Spin of the
                        Proton}",
      journal        = "Nucl. Phys.",
      volume         = "B337",
      year           = "1990",
      pages          = "509-546",
      doi            = "10.1016/0550-3213(90)90506-9",
      reportNumber   = "MIT-CTP-1706-REV, MIT-CTP-1706",
      SLACcitation   = "%%CITATION = NUPHA,B337,509;%%"
}

@article{Engel:1989ix,
      author         = "Engel, J. and Vogel, P.",
      title          = "{Spin dependent cross-sections of weakly interacting
                        massive particles on nuclei}",
      journal        = "Phys. Rev.",
      volume         = "D40",
      year           = "1989",
      pages          = "3132-3135",
      doi            = "10.1103/PhysRevD.40.3132",
      reportNumber   = "CALT-63-545",
      SLACcitation   = "%%CITATION = PHRVA,D40,3132;%%"
}

@article{Haber:1988px,
      author         = "Haber, Howard E. and Wyler, Daniel",
      title          = "{RADIATIVE NEUTRALINO DECAY}",
      journal        = "Nucl. Phys.",
      volume         = "B323",
      year           = "1989",
      pages          = "267-310",
      doi            = "10.1016/0550-3213(89)90143-0",
      reportNumber   = "SCIPP-88/19",
      SLACcitation   = "%%CITATION = NUPHA,B323,267;%%"
}

@article{Dimopoulos:1995kn,
      author         = "Dimopoulos, Savas and Thomas, Scott D.",
      title          = "{Dynamical relaxation of the supersymmetric CP violating
                        phases}",
      journal        = "Nucl. Phys.",
      volume         = "B465",
      year           = "1996",
      pages          = "23-33",
      doi            = "10.1016/0550-3213(96)00065-X",
      eprint         = "hep-ph/9510220",
      archivePrefix  = "arXiv",
      primaryClass   = "hep-ph",
      reportNumber   = "SLAC-PUB-7010, SLAC-PUB-95-7010, SU-ITP-95-22",
      SLACcitation   = "%%CITATION = HEP-PH/9510220;%%"
}

@article{Dimopoulos:1995ju,
      author         = "Dimopoulos, Savas and Sutter, David W.",
      title          = "{The Supersymmetric flavor problem}",
      journal        = "Nucl. Phys.",
      volume         = "B452",
      year           = "1995",
      pages          = "496-512",
      doi            = "10.1016/0550-3213(95)00421-N",
      eprint         = "hep-ph/9504415",
      archivePrefix  = "arXiv",
      primaryClass   = "hep-ph",
      reportNumber   = "SU-ITP-95-9, CERN-TH-95-101",
      SLACcitation   = "%%CITATION = HEP-PH/9504415;%%"
}

@article{Ellis:1990nz,
      author         = "Ellis, John R. and Ridolfi, Giovanni and Zwirner, Fabio",
      title          = "{Radiative corrections to the masses of supersymmetric
                        Higgs bosons}",
      journal        = "Phys. Lett.",
      volume         = "B257",
      year           = "1991",
      pages          = "83-91",
      doi            = "10.1016/0370-2693(91)90863-L",
      reportNumber   = "CERN-TH-5946-90, GEF-TH-26-1990",
      SLACcitation   = "%%CITATION = PHLTA,B257,83;%%"
}

@article{Ellis:1991zd,
      author         = "Ellis, John R. and Ridolfi, Giovanni and Zwirner, Fabio",
      title          = "{On radiative corrections to supersymmetric Higgs boson
                        masses and their implications for LEP searches}",
      journal        = "Phys. Lett.",
      volume         = "B262",
      year           = "1991",
      pages          = "477-484",
      doi            = "10.1016/0370-2693(91)90626-2",
      reportNumber   = "CERN-TH-6002-91, GEF-TH-5-1991",
      SLACcitation   = "%%CITATION = PHLTA,B262,477;%%"
}

@article{Brignole:1991pq,
      author         = "Brignole, Andrea and Ellis, John R. and Ridolfi, Giovanni
                        and Zwirner, Fabio",
      title          = "{The Supersymmetric charged Higgs boson mass and LEP
                        phenomenology}",
      journal        = "Phys. Lett.",
      volume         = "B271",
      year           = "1991",
      pages          = "123-132",
      doi            = "10.1016/0370-2693(91)91287-6",
      reportNumber   = "CERN-TH-6151-91, GEF-TH-6-1991",
      SLACcitation   = "%%CITATION = PHLTA,B271,123;%%"
}

@article{Drees:1991mx,
      author         = "Drees, Manuel and Nojiri, Mihoko M.",
      title          = "{One loop corrections to the Higgs sector in minimal
                        supergravity models}",
      journal        = "Phys. Rev.",
      volume         = "D45",
      year           = "1992",
      pages          = "2482-2492",
      doi            = "10.1103/PhysRevD.45.2482",
      reportNumber   = "KEK-TH-305, KEK-PREPRINT-91-129",
      SLACcitation   = "%%CITATION = PHRVA,D45,2482;%%"
}

@article{Carena:1995bx,
      author         = "Carena, Marcela and Espinosa, J. R. and Quiros, M. and
                        Wagner, C. E. M.",
      title          = "{Analytical expressions for radiatively corrected Higgs
                        masses and couplings in the MSSM}",
      journal        = "Phys. Lett.",
      volume         = "B355",
      year           = "1995",
      pages          = "209-221",
      doi            = "10.1016/0370-2693(95)00694-G",
      eprint         = "hep-ph/9504316",
      archivePrefix  = "arXiv",
      primaryClass   = "hep-ph",
      reportNumber   = "CERN-TH-95-45, CERN-TH-95-045, DESY-95-038,
                        IEM-FT-103-95",
      SLACcitation   = "%%CITATION = HEP-PH/9504316;%%"
}

@article{Carena:1995wu,
      author         = "Carena, Marcela and Quiros, M. and Wagner, C. E. M.",
      title          = "{Effective potential methods and the Higgs mass spectrum
                        in the MSSM}",
      journal        = "Nucl. Phys.",
      volume         = "B461",
      year           = "1996",
      pages          = "407-436",
      doi            = "10.1016/0550-3213(95)00665-6",
      eprint         = "hep-ph/9508343",
      archivePrefix  = "arXiv",
      primaryClass   = "hep-ph",
      reportNumber   = "CERN-TH-95-157, IEM-FT-106-95",
      SLACcitation   = "%%CITATION = HEP-PH/9508343;%%"
}

@article{Hahn:2010te,
      author         = "Hahn, T. and Heinemeyer, S. and Hollik, W. and Rzehak, H.
                        and Weiglein, G.",
      title          = "{FeynHiggs 2.7}",
      booktitle      = "{Proceedings,  10th DESY Workshop on Elementary Particle
                        Theory: Loops and Legs in Quantum Field Theory: Woerlitz,
                        Germany, April 25-30, 2010}",
      journal        = "Nucl. Phys. Proc. Suppl.",
      volume         = "205-206",
      year           = "2010",
      pages          = "152-157",
      doi            = "10.1016/j.nuclphysbps.2010.08.035",
      eprint         = "1007.0956",
      archivePrefix  = "arXiv",
      primaryClass   = "hep-ph",
      reportNumber   = "MPP-2010-78, KA-TP-21-2010, SFB-CPP-10-56, DESY-10-100",
      SLACcitation   = "%%CITATION = ARXIV:1007.0956;%%"
}

@book{haber97,
    title = "Perspectives in Higgs Physics II",
    author = "Haber, H. E.",
    year = 1997,
    publisher = "World Scientific"
}

@article{Bertolini:1990if,
      author         = "Bertolini, S. and Borzumati, Francesca and Masiero, A.
                        and Ridolfi, G.",
      title          = "{Effects of supergravity induced electroweak breaking on
                        rare $B$ decays and mixings}",
      journal        = "Nucl. Phys.",
      volume         = "B353",
      year           = "1991",
      pages          = "591-649",
      doi            = "10.1016/0550-3213(91)90320-W",
      reportNumber   = "MPI-PAE-PTH-43-90",
      SLACcitation   = "%%CITATION = NUPHA,B353,591;%%"
}

@article{Abbiendi:1998rd,
      author         = "Abbiendi, G. and others",
      title          = "{Search for Higgs bosons in $e^{+} e^{-}$ collisions at
                        183-GeV}",
      collaboration  = "OPAL",
      journal        = "Eur. Phys. J.",
      volume         = "C7",
      year           = "1999",
      pages          = "407-435",
      doi            = "10.1007/s100520050417, 10.1007/s100529901102",
      eprint         = "hep-ex/9811025",
      archivePrefix  = "arXiv",
      primaryClass   = "hep-ex",
      reportNumber   = "CERN-EP-98-173",
      SLACcitation   = "%%CITATION = HEP-EX/9811025;%%"
}

@article{Abbiendi:1998rz,
      author         = "Abbiendi, G. and others",
      title          = "{Search for chargino and neutralino production at
                        S**(1/2) = 181-GeV - 184-GeV at LEP}",
      collaboration  = "OPAL",
      journal        = "Eur. Phys. J.",
      volume         = "C8",
      year           = "1999",
      pages          = "255-272",
      doi            = "10.1007/s100529901059, 10.1007/s100520050462",
      eprint         = "hep-ex/9809031",
      archivePrefix  = "arXiv",
      primaryClass   = "hep-ex",
      reportNumber   = "CERN-EP-98-136",
      SLACcitation   = "%%CITATION = HEP-EX/9809031;%%"
}

@inproceedings{gao99,
      author         = "Gao and Gay",
      title          = "{High Energy Physics 99}",
      collaboration  = "Aleph",
      year           = "1999"
}

@inproceedings{carr98,
      author         = "Carr, J. and others",
      title          = "{High Energy Physics 99}",
      booktitle      = "Talk  to LEPC, 31 March, 1998",
      collaboration  = "Aleph",
      year           = "1998",
      url            = "http://alephwww.cern.ch/ALPUB/seminar/carrlepc98/index.html"
}

@article{Acciarri:1996kd,
      author         = "Acciarri, M. and others",
      title          = "{Search for supersymmetric particles at 130-GeV <
                        $\sqrt{s}$ < 140-GeV at LEP}",
      collaboration  = "L3",
      journal        = "Phys. Lett.",
      volume         = "B377",
      year           = "1996",
      pages          = "289-303",
      doi            = "10.1016/0370-2693(96)00368-1",
      reportNumber   = "CERN-PPE-96-029, CERN-PPE-96-29",
      SLACcitation   = "%%CITATION = PHLTA,B377,289;%%"
}

@article{Decamp:1991uy,
      author         = "Decamp, D. and others",
      title          = "{Searches for new particles in $Z$ decays using the ALEPH
                        detector}",
      collaboration  = "ALEPH",
      journal        = "Phys. Rept.",
      volume         = "216",
      year           = "1992",
      pages          = "253-340",
      doi            = "10.1016/0370-1573(92)90177-2",
      reportNumber   = "CERN-PPE-91-149",
      SLACcitation   = "%%CITATION = PRPLC,216,253;%%"
}

@article{Hidaka:1991jv,
      author         = "Hidaka, K.",
      title          = "{Absolute mass limits of gaugino - Higgsino sector in
                        minimal supersymmetric model from LEP and CDF data}",
      journal        = "Phys. Rev.",
      volume         = "D44",
      year           = "1991",
      pages          = "927-928",
      doi            = "10.1103/PhysRevD.44.927",
      reportNumber   = "TGU-11-REV, TGU-11",
      SLACcitation   = "%%CITATION = PHRVA,D44,927;%%"
}

@article{Acciarri:1995vf,
      author         = "Acciarri, M. and others",
      title          = "{Search for neutralinos in $Z$ decays}",
      collaboration  = "L3",
      journal        = "Phys. Lett.",
      volume         = "B350",
      year           = "1995",
      pages          = "109-119",
      doi            = "10.1016/0370-2693(95)00260-R",
      reportNumber   = "CERN-PPE-95-014, CERN-PPE-95-14",
      SLACcitation   = "%%CITATION = PHLTA,B350,109;%%"
}

@article{Abachi:1995ng,
      author         = "Abachi, S. and others",
      title          = "{Search for squarks and gluinos in $p\bar{p}$ collisions
                        at $\sqrt{s} = 1.8$ TeV}",
      collaboration  = "D0",
      journal        = "Phys. Rev. Lett.",
      volume         = "75",
      year           = "1995",
      pages          = "618-623",
      doi            = "10.1103/PhysRevLett.75.618",
      reportNumber   = "FERMILAB-PUB-95-057-E",
      SLACcitation   = "%%CITATION = PRLTA,75,618;%%"
}

@article{Abe:1997yy,
      author         = "Abe, F. and others",
      title          = "{Search for gluinos and squarks at the Fermilab Tevatron
                        Collider}",
      collaboration  = "CDF",
      journal        = "Phys. Rev.",
      volume         = "D56",
      year           = "1997",
      pages          = "R1357-R1362",
      doi            = "10.1103/PhysRevD.56.R1357",
      reportNumber   = "FERMILAB-PUB-97-031-E, FERMILAB-PUB-98-173-EZ",
      SLACcitation   = "%%CITATION = PHRVA,D56,R1357;%%"
}

@article{Abe:1992ah,
      author         = "Abe, F. and others",
      title          = "{Search for squarks and gluinos from $\bar{p}p$
                        collisions at $\sqrt{s} = 1.8$ TeV}",
      collaboration  = "CDF",
      journal        = "Phys. Rev. Lett.",
      volume         = "69",
      year           = "1992",
      pages          = "3439-3443",
      doi            = "10.1103/PhysRevLett.69.3439",
      reportNumber   = "FERMILAB-PUB-92-221-E, ANL-HEP-PR-93-25",
      SLACcitation   = "%%CITATION = PRLTA,69,3439;%%"
}

@article{Abe:1995pi,
      author         = "Abe, F. and others",
      title          = "{Search for gluino and squark cascade decays at the
                        Fermilab Tevatron Collider}",
      collaboration  = "CDF",
      journal        = "Phys. Rev. Lett.",
      volume         = "76",
      year           = "1996",
      pages          = "2006-2010",
      doi            = "10.1103/PhysRevLett.76.2006",
      reportNumber   = "FERMILAB-PUB-95-399-E, CDF-PUB-EXOTIC-3404",
      SLACcitation   = "%%CITATION = PRLTA,76,2006;%%"
}

@article{Barate:1998zp,
      author         = "Barate, R. and others",
      title          = "{Search for sleptons in e+ e- collisions at
                        center-of-mass energies up to 184-GeV}",
      collaboration  = "ALEPH",
      journal        = "Phys. Lett.",
      volume         = "B433",
      year           = "1998",
      pages          = "176-194",
      doi            = "10.1016/S0370-2693(98)00690-X",
      reportNumber   = "CERN-EP-98-077, CERN-EP-98-77",
      SLACcitation   = "%%CITATION = PHLTA,B433,176;%%"
}

@article{Buskulic:1996ya,
      author         = "Buskulic, D. and others",
      title          = "{Mass limit for the lightest neutralino}",
      collaboration  = "ALEPH",
      journal        = "Z. Phys.",
      volume         = "C72",
      year           = "1996",
      pages          = "549-559",
      doi            = "10.1007/BF02909187, 10.1007/s002880050278",
      eprint         = "hep-ex/9607009",
      archivePrefix  = "arXiv",
      primaryClass   = "hep-ex",
      reportNumber   = "CERN-PPE-96-83",
      SLACcitation   = "%%CITATION = HEP-EX/9607009;%%"
}

@article{Acciarri:1997tu,
      author         = "Acciarri, M. and others",
      title          = "{Search for scalar leptons, charginos and neutralinos in
                        $e^{+} e^{-}$ collisions at $\sqrt{s}$ = 161-GeV to
                        172-GeV}",
      collaboration  = "L3",
      journal        = "Eur. Phys. J.",
      volume         = "C4",
      year           = "1998",
      pages          = "207-219",
      doi            = "10.1007/s100520050198",
      reportNumber   = "CERN-PPE-97-130",
      SLACcitation   = "%%CITATION = EPHJA,C4,207;%%"
}

@article{Baltz:1998xv,
      author         = "Baltz, Edward A. and Edsjo, Joakim",
      title          = "{Positron propagation and fluxes from neutralino
                        annihilation in the halo}",
      journal        = "Phys. Rev.",
      volume         = "D59",
      year           = "1998",
      pages          = "023511",
      doi            = "10.1103/PhysRevD.59.023511",
      eprint         = "astro-ph/9808243",
      archivePrefix  = "arXiv",
      primaryClass   = "astro-ph",
      SLACcitation   = "%%CITATION = ASTRO-PH/9808243;%%"
}

@article{Bergstrom:1999jc,
      author         = "Bergstrom, Lars and Edsjo, Joakim and Ullio, Piero",
      title          = "{Cosmic anti-protons as a probe for supersymmetric dark
                        matter?}",
      journal        = "Astrophys. J.",
      volume         = "526",
      year           = "1999",
      pages          = "215-235",
      doi            = "10.1086/307975",
      eprint         = "astro-ph/9902012",
      archivePrefix  = "arXiv",
      primaryClass   = "astro-ph",
      SLACcitation   = "%%CITATION = ASTRO-PH/9902012;%%"
}

@article{Chetyrkin:2000yt,
      author         = "Chetyrkin, K. G. and Kuhn, Johann H. and Steinhauser, M.",
      title          = "{RunDec: A Mathematica package for running and decoupling
                        of the strong coupling and quark masses}",
      journal        = "Comput. Phys. Commun.",
      volume         = "133",
      year           = "2000",
      pages          = "43-65",
      doi            = "10.1016/S0010-4655(00)00155-7",
      eprint         = "hep-ph/0004189",
      archivePrefix  = "arXiv",
      primaryClass   = "hep-ph",
      reportNumber   = "DESY-00-034, TTP-00-05",
      SLACcitation   = "%%CITATION = HEP-PH/0004189;%%"
}

@article{Binder:2017rgn,
      author         = "Binder, Tobias and Bringmann, Torsten and Gustafsson,
                        Michael and Hryczuk, Andrzej",
      title          = "{Early kinetic decoupling of dark matter: when the
                        standard way of calculating the thermal relic density
                        fails}",
      journal        = "Phys. Rev.",
      volume         = "D96",
      year           = "2017",
      number         = "11",
      pages          = "115010",
      doi            = "10.1103/PhysRevD.96.115010",
      eprint         = "1706.07433",
      archivePrefix  = "arXiv",
      primaryClass   = "astro-ph.CO",
      SLACcitation   = "%%CITATION = ARXIV:1706.07433;%%"
}


